
  <record>
    <leader>00180nam a2200073 c 4500</leader>
    <controlfield tag="001">TT000789324</controlfield>
    <controlfield tag="003">DE-605</controlfield>
    <datafield ind1=" " ind2=" " tag="035">
      <subfield code="a">(DE-599)HBZTT000789324</subfield>
    </datafield>
    <datafield ind1="1" ind2=" " tag="100">
      <subfield code="a">Nipperdey, Hans Carl</subfield>
      <subfield code="e">Verfasser</subfield>
      <subfield code="0">(DE-588)185798977</subfield>
      <subfield code="4">aut</subfield>
    </datafield>
  </record>
  <record>
    <leader>00180nam a2200085 c 4500</leader>
    <controlfield tag="001">22393481X</controlfield>
    <controlfield tag="003">DE-601</controlfield>
    <datafield ind1=" " ind2=" " tag="035">
      <subfield code="a">(OCoLC)258187731</subfield>
    </datafield>
    <datafield ind1=" " ind2=" " tag="035">
      <subfield code="a">(DE-599)GBV22393481X</subfield>
    </datafield>
    <datafield ind1="1" ind2=" " tag="700">
      <subfield code="a">Richardi, Reinhard</subfield>
      <subfield code="e">Bearb.</subfield>
    </datafield>
  </record>
  <record>
    <leader>00180nam a2200085 c 4500</leader>
    <controlfield tag="001">272068489</controlfield>
    <controlfield tag="003">DE-601</controlfield>
    <datafield ind1=" " ind2=" " tag="035">
      <subfield code="a">(OCoLC)246350026</subfield>
    </datafield>
    <datafield ind1=" " ind2=" " tag="035">
      <subfield code="a">(DE-599)GBV272068489</subfield>
    </datafield>
    <datafield ind1="1" ind2=" " tag="700">
      <subfield code="a">Richardi, Reinhard</subfield>
      <subfield code="e">Bearb.</subfield>
    </datafield>
  </record>
  <record>
    <leader>00180nam a2200085 c 4500</leader>
    <controlfield tag="001">454595972</controlfield>
    <controlfield tag="003">DE-101</controlfield>
    <datafield ind1=" " ind2=" " tag="035">
      <subfield code="a">(DE-599)DNB454595972</subfield>
    </datafield>
    <datafield ind1=" " ind2=" " tag="035">
      <subfield code="a">(OCoLC)73662789</subfield>
    </datafield>
    <datafield ind1=" " ind2=" " tag="084">
      <subfield code="a">04a</subfield>
      <subfield code="a">340</subfield>
      <subfield code="a">350</subfield>
      <subfield code="q">DE-101</subfield>
      <subfield code="2">sdnb</subfield>
    </datafield>
  </record>
  <record>
    <leader>00181nam a22000732cb4500</leader>
    <controlfield tag="001">HT012917769</controlfield>
    <controlfield tag="003">DE-605</controlfield>
    <datafield ind1=" " ind2=" " tag="035">
      <subfield code="a">(DE-599)HBZHT012917769</subfield>
    </datafield>
    <datafield ind1="1" ind2=" " tag="700">
      <subfield code="a">Richardi, Reinhard</subfield>
      <subfield code="d">1937-</subfield>
      <subfield code="e">Hrsg.</subfield>
      <subfield code="0">(DE-588)120895846</subfield>
      <subfield code="4">edt</subfield>
    </datafield>
  </record>
  <record>
    <leader>00184nam a2200073 c 4500</leader>
    <controlfield tag="001">HT002659559</controlfield>
    <controlfield tag="003">DE-605</controlfield>
    <datafield ind1=" " ind2=" " tag="035">
      <subfield code="a">(DE-599)HBZHT002659559</subfield>
    </datafield>
    <datafield ind1="1" ind2=" " tag="700">
      <subfield code="a">Richardi, Reinhard</subfield>
      <subfield code="d">1937-</subfield>
      <subfield code="e">Sonstige</subfield>
      <subfield code="0">(DE-588)120895846</subfield>
      <subfield code="4">oth</subfield>
    </datafield>
  </record>
  <record>
    <leader>00184nam a2200073 c 4500</leader>
    <controlfield tag="001">HT007780052</controlfield>
    <controlfield tag="003">DE-605</controlfield>
    <datafield ind1=" " ind2=" " tag="035">
      <subfield code="a">(DE-599)HBZHT007780052</subfield>
    </datafield>
    <datafield ind1="1" ind2=" " tag="700">
      <subfield code="a">Richardi, Reinhard</subfield>
      <subfield code="d">1937-</subfield>
      <subfield code="e">Sonstige</subfield>
      <subfield code="0">(DE-588)120895846</subfield>
      <subfield code="4">oth</subfield>
    </datafield>
  </record>
  <record>
    <leader>00184nam a2200073 cb4500</leader>
    <controlfield tag="001">BV010460123</controlfield>
    <controlfield tag="003">DE-604</controlfield>
    <datafield ind1=" " ind2=" " tag="035">
      <subfield code="a">(DE-599)BVBBV010460123</subfield>
    </datafield>
    <datafield ind1="1" ind2=" " tag="700">
      <subfield code="a">Richardi, Reinhard</subfield>
      <subfield code="d">1937-</subfield>
      <subfield code="e">Sonstige</subfield>
      <subfield code="0">(DE-588)120895846</subfield>
      <subfield code="4">oth</subfield>
    </datafield>
  </record>