
  <record>
    <leader>00249nam a2200097zc 4500</leader>
    <controlfield tag="001">BV019156249</controlfield>
    <controlfield tag="003">DE-604</controlfield>
    <datafield ind1=" " ind2=" " tag="035">
      <subfield code="a">(OCoLC)214936817</subfield>
    </datafield>
    <datafield ind1=" " ind2=" " tag="035">
      <subfield code="a">(DE-599)BVBBV019156249</subfield>
    </datafield>
    <datafield ind1="1" ind2=" " tag="100">
      <subfield code="a">Richardi, Reinhard</subfield>
      <subfield code="d">1937-</subfield>
      <subfield code="e">Verfasser</subfield>
      <subfield code="0">(DE-588)120895846</subfield>
      <subfield code="4">aut</subfield>
    </datafield>
    <datafield ind1=" " ind2="4" tag="650">
      <subfield code="a">Arbeitsgesetze</subfield>
    </datafield>
  </record>