
  <record>
    <leader>00317nam a2200109zc 4500</leader>
    <controlfield tag="001">BV019157195</controlfield>
    <controlfield tag="003">DE-604</controlfield>
    <datafield ind1=" " ind2=" " tag="035">
      <subfield code="a">(OCoLC)214937128</subfield>
    </datafield>
    <datafield ind1=" " ind2=" " tag="035">
      <subfield code="a">(DE-599)BVBBV019157195</subfield>
    </datafield>
    <datafield ind1="1" ind2=" " tag="100">
      <subfield code="a">Nipperdey, Hans Carl</subfield>
      <subfield code="d">1895-1965</subfield>
      <subfield code="e">Verfasser</subfield>
      <subfield code="0">(DE-588)118735519</subfield>
      <subfield code="4">aut</subfield>
    </datafield>
    <datafield ind1=" " ind2="4" tag="650">
      <subfield code="a">Arbeitsgesetze</subfield>
    </datafield>
    <datafield ind1="1" ind2=" " tag="700">
      <subfield code="a">Dietz, Rolf</subfield>
      <subfield code="e">Sonstige</subfield>
      <subfield code="0">(DE-588)102100330</subfield>
      <subfield code="4">oth</subfield>
    </datafield>
  </record>
  <record>
    <leader>00319nam a2200121 c 4500</leader>
    <controlfield tag="001">02583861X</controlfield>
    <controlfield tag="003">DE-601</controlfield>
    <datafield ind1=" " ind2=" " tag="035">
      <subfield code="a">(OCoLC)25717753</subfield>
    </datafield>
    <datafield ind1=" " ind2=" " tag="035">
      <subfield code="a">(DE-599)GBV02583861X</subfield>
    </datafield>
    <datafield ind1=" " ind2=" " tag="084">
      <subfield code="a">19</subfield>
      <subfield code="2">sdnb</subfield>
    </datafield>
    <datafield ind1=" " ind2=" " tag="084">
      <subfield code="a">86.74</subfield>
      <subfield code="9">Arbeitsrecht: Allgemeines</subfield>
      <subfield code="2">bkl</subfield>
    </datafield>
    <datafield ind1=" " ind2=" " tag="084">
      <subfield code="a">for</subfield>
      <subfield code="q">DE-601</subfield>
      <subfield code="2">z</subfield>
    </datafield>
    <datafield ind1="1" ind2=" " tag="700">
      <subfield code="a">Richardi, Reinhard</subfield>
      <subfield code="0">(DE-601)080953956</subfield>
      <subfield code="0">(DE-588)120895846</subfield>
    </datafield>
  </record>
  <record>
    <leader>00327cam a22001212c 4500</leader>
    <controlfield tag="001">079289827</controlfield>
    <controlfield tag="003">DE-603</controlfield>
    <datafield ind1=" " ind2=" " tag="035">
      <subfield code="a">(DE-599)DNB760172560</subfield>
    </datafield>
    <datafield ind1=" " ind2=" " tag="035">
      <subfield code="a">(OCoLC)74301436</subfield>
    </datafield>
    <datafield ind1=" " ind2=" " tag="084">
      <subfield code="a">04a</subfield>
      <subfield code="q">DE-101</subfield>
      <subfield code="2">sdnb</subfield>
    </datafield>
    <datafield ind1=" " ind2=" " tag="084">
      <subfield code="a">PF 230</subfield>
      <subfield code="2">rvk</subfield>
    </datafield>
    <datafield ind1=" " ind2="7" tag="650">
      <subfield code="2">local</subfield>
      <subfield code="a">Arbeitsrecht</subfield>
    </datafield>
    <datafield ind1="1" ind2=" " tag="700">
      <subfield code="a">Richardi, Reinhard</subfield>
      <subfield code="d">1937-</subfield>
      <subfield code="4">edt</subfield>
      <subfield code="e">Bearb.</subfield>
      <subfield code="0">(DE-588)120895846</subfield>
      <subfield code="0">(DE-603)152397981</subfield>
    </datafield>
  </record>
  <record>
    <leader>00327cam a22001212c 4500</leader>
    <controlfield tag="001">079442889</controlfield>
    <controlfield tag="003">DE-603</controlfield>
    <datafield ind1=" " ind2=" " tag="035">
      <subfield code="a">(DE-599)DNB770076785</subfield>
    </datafield>
    <datafield ind1=" " ind2=" " tag="035">
      <subfield code="a">(OCoLC)74333673</subfield>
    </datafield>
    <datafield ind1=" " ind2=" " tag="084">
      <subfield code="a">04a</subfield>
      <subfield code="q">DE-101</subfield>
      <subfield code="2">sdnb</subfield>
    </datafield>
    <datafield ind1=" " ind2=" " tag="084">
      <subfield code="a">PF 230</subfield>
      <subfield code="2">rvk</subfield>
    </datafield>
    <datafield ind1=" " ind2="7" tag="650">
      <subfield code="2">local</subfield>
      <subfield code="a">Arbeitsrecht</subfield>
    </datafield>
    <datafield ind1="1" ind2=" " tag="700">
      <subfield code="a">Richardi, Reinhard</subfield>
      <subfield code="d">1937-</subfield>
      <subfield code="4">edt</subfield>
      <subfield code="e">Bearb.</subfield>
      <subfield code="0">(DE-588)120895846</subfield>
      <subfield code="0">(DE-603)152397981</subfield>
    </datafield>
  </record>
  <record>
    <leader>00327cam a22001212c 4500</leader>
    <controlfield tag="001">079497381</controlfield>
    <controlfield tag="003">DE-603</controlfield>
    <datafield ind1=" " ind2=" " tag="035">
      <subfield code="a">(DE-599)DNB770174841</subfield>
    </datafield>
    <datafield ind1=" " ind2=" " tag="035">
      <subfield code="a">(OCoLC)74340025</subfield>
    </datafield>
    <datafield ind1=" " ind2=" " tag="084">
      <subfield code="a">04a</subfield>
      <subfield code="q">DE-101</subfield>
      <subfield code="2">sdnb</subfield>
    </datafield>
    <datafield ind1=" " ind2=" " tag="084">
      <subfield code="a">PF 230</subfield>
      <subfield code="2">rvk</subfield>
    </datafield>
    <datafield ind1=" " ind2="7" tag="650">
      <subfield code="2">local</subfield>
      <subfield code="a">Arbeitsrecht</subfield>
    </datafield>
    <datafield ind1="1" ind2=" " tag="700">
      <subfield code="a">Richardi, Reinhard</subfield>
      <subfield code="d">1937-</subfield>
      <subfield code="4">edt</subfield>
      <subfield code="e">Bearb.</subfield>
      <subfield code="0">(DE-588)120895846</subfield>
      <subfield code="0">(DE-603)152397981</subfield>
    </datafield>
  </record>
  <record>
    <leader>00327nam a2200109zcb4500</leader>
    <controlfield tag="001">BV019157635</controlfield>
    <controlfield tag="003">DE-604</controlfield>
    <datafield ind1=" " ind2=" " tag="035">
      <subfield code="a">(OCoLC)641812019</subfield>
    </datafield>
    <datafield ind1=" " ind2=" " tag="035">
      <subfield code="a">(DE-599)BVBBV019157635</subfield>
    </datafield>
    <datafield ind1=" " ind2=" " tag="084">
      <subfield code="a">PF 230</subfield>
      <subfield code="2">rvk</subfield>
    </datafield>
    <datafield ind1="1" ind2=" " tag="700">
      <subfield code="a">Nipperdey, Hans Carl</subfield>
      <subfield code="d">1895-1965</subfield>
      <subfield code="e">Sonstige</subfield>
      <subfield code="0">(DE-588)118735519</subfield>
      <subfield code="4">oth</subfield>
    </datafield>
    <datafield ind1="1" ind2=" " tag="700">
      <subfield code="a">Richardi, Reinhard</subfield>
      <subfield code="d">1937-</subfield>
      <subfield code="e">Sonstige</subfield>
      <subfield code="0">(DE-588)120895846</subfield>
      <subfield code="4">oth</subfield>
    </datafield>
  </record>