
  <record>
    <leader>00470nam a2200169 c 4500</leader>
    <controlfield tag="001">015429709</controlfield>
    <controlfield tag="003">DE-601</controlfield>
    <datafield ind1=" " ind2=" " tag="035">
      <subfield code="a">(OCoLC)214090639</subfield>
    </datafield>
    <datafield ind1=" " ind2=" " tag="035">
      <subfield code="a">(DE-599)GBV015429709</subfield>
    </datafield>
    <datafield ind1="0" ind2="0" tag="082">
      <subfield code="a">344.43/01/02632</subfield>
    </datafield>
    <datafield ind1=" " ind2=" " tag="084">
      <subfield code="a">19</subfield>
      <subfield code="a">18</subfield>
      <subfield code="2">sdnb</subfield>
    </datafield>
    <datafield ind1="1" ind2=" " tag="100">
      <subfield code="a">Richardi, Reinhard</subfield>
      <subfield code="e">VerfasserIn</subfield>
      <subfield code="4">aut</subfield>
    </datafield>
    <datafield ind1="2" ind2="7" tag="611">
      <subfield code="a">Quelle</subfield>
      <subfield code="2">gnd</subfield>
    </datafield>
    <datafield ind1=" " ind2="7" tag="650">
      <subfield code="0">(DE-601)106392085</subfield>
      <subfield code="0">(DE-588)4002769-7</subfield>
      <subfield code="a">Arbeitsrecht</subfield>
      <subfield code="2">gnd</subfield>
    </datafield>
    <datafield ind1="0" ind2="0" tag="689">
      <subfield code="0">(DE-601)106392085</subfield>
      <subfield code="0">(DE-588)4002769-7</subfield>
      <subfield code="D">s</subfield>
      <subfield code="a">Arbeitsrecht</subfield>
    </datafield>
    <datafield ind1="0" ind2="1" tag="689">
      <subfield code="A">f</subfield>
      <subfield code="a">Quelle</subfield>
    </datafield>
    <datafield ind1="0" ind2=" " tag="689">
      <subfield code="5">DE-101</subfield>
    </datafield>
  </record>
  <record>
    <leader>00472nam a2200145 c 4500</leader>
    <controlfield tag="001">897239571</controlfield>
    <controlfield tag="003">DE-601</controlfield>
    <datafield ind1=" " ind2=" " tag="035">
      <subfield code="a">(DE-599)GBV897239571</subfield>
    </datafield>
    <datafield ind1=" " ind2=" " tag="084">
      <subfield code="a">PF 230</subfield>
      <subfield code="2">rvk</subfield>
    </datafield>
    <datafield ind1=" " ind2="7" tag="650">
      <subfield code="0">(DE-601)106392085</subfield>
      <subfield code="0">(DE-588)4002769-7</subfield>
      <subfield code="a">Arbeitsrecht</subfield>
      <subfield code="2">gnd</subfield>
    </datafield>
    <datafield ind1=" " ind2="7" tag="651">
      <subfield code="0">(DE-601)104704861</subfield>
      <subfield code="0">(DE-588)4011882-4</subfield>
      <subfield code="a">Deutschland</subfield>
      <subfield code="2">gnd</subfield>
    </datafield>
    <datafield ind1="0" ind2="0" tag="689">
      <subfield code="0">(DE-601)104704861</subfield>
      <subfield code="0">(DE-588)4011882-4</subfield>
      <subfield code="D">g</subfield>
      <subfield code="a">Deutschland</subfield>
    </datafield>
    <datafield ind1="0" ind2="1" tag="689">
      <subfield code="0">(DE-601)106392085</subfield>
      <subfield code="0">(DE-588)4002769-7</subfield>
      <subfield code="D">s</subfield>
      <subfield code="a">Arbeitsrecht</subfield>
    </datafield>
    <datafield ind1="0" ind2=" " tag="689">
      <subfield code="5">DE-601</subfield>
    </datafield>
    <datafield ind1="1" ind2=" " tag="700">
      <subfield code="a">Richardi, Reinhard</subfield>
    </datafield>
  </record>
  <record>
    <leader>00475cam a22001452c 4500</leader>
    <controlfield tag="001">004744047</controlfield>
    <controlfield tag="003">DE-603</controlfield>
    <datafield ind1=" " ind2=" " tag="035">
      <subfield code="a">(DE-599)DNB860645347</subfield>
    </datafield>
    <datafield ind1=" " ind2=" " tag="035">
      <subfield code="a">(OCoLC)74786483</subfield>
    </datafield>
    <datafield ind1=" " ind2=" " tag="084">
      <subfield code="a">19</subfield>
      <subfield code="a">18</subfield>
      <subfield code="q">DE-101</subfield>
      <subfield code="2">sdnb</subfield>
    </datafield>
    <datafield ind1=" " ind2=" " tag="084">
      <subfield code="a">PF 230</subfield>
      <subfield code="2">rvk</subfield>
    </datafield>
    <datafield ind1=" " ind2="7" tag="650">
      <subfield code="a">Arbeitsrecht</subfield>
      <subfield code="2">gnd</subfield>
      <subfield code="0">(DE-588)4002769-7</subfield>
      <subfield code="0">(DE-603)084998989</subfield>
    </datafield>
    <datafield ind1=" " ind2="7" tag="655">
      <subfield code="a">Quelle</subfield>
      <subfield code="2">gnd</subfield>
    </datafield>
    <datafield ind1="1" ind2=" " tag="700">
      <subfield code="a">Richardi, Reinhard</subfield>
      <subfield code="d">1937-</subfield>
      <subfield code="4">oth</subfield>
      <subfield code="e">Vorr.</subfield>
      <subfield code="0">(DE-588)120895846</subfield>
      <subfield code="0">(DE-603)152397981</subfield>
    </datafield>
    <datafield ind1="2" ind2=" " tag="710">
      <subfield code="a">Deutschland</subfield>
      <subfield code="g">Bundesrepublik</subfield>
      <subfield code="0">(DE-588)4011889-7</subfield>
      <subfield code="0">(DE-603)085025607</subfield>
    </datafield>
  </record>
  <record>
    <leader>00476nam a2200157 cb4500</leader>
    <controlfield tag="001">BV007381984</controlfield>
    <controlfield tag="003">DE-604</controlfield>
    <datafield ind1=" " ind2=" " tag="035">
      <subfield code="a">(OCoLC)256684706</subfield>
    </datafield>
    <datafield ind1=" " ind2=" " tag="035">
      <subfield code="a">(DE-599)BVBBV007381984</subfield>
    </datafield>
    <datafield ind1=" " ind2=" " tag="084">
      <subfield code="a">PF 230</subfield>
      <subfield code="2">rvk</subfield>
    </datafield>
    <datafield ind1="0" ind2="7" tag="650">
      <subfield code="a">Quelle</subfield>
      <subfield code="0">(DE-588)4135952-5</subfield>
      <subfield code="2">gnd</subfield>
    </datafield>
    <datafield ind1="0" ind2="7" tag="650">
      <subfield code="a">Arbeitsschutzrecht</subfield>
      <subfield code="0">(DE-588)4112578-2</subfield>
      <subfield code="2">gnd</subfield>
    </datafield>
    <datafield ind1="0" ind2="0" tag="689">
      <subfield code="a">Arbeitsschutzrecht</subfield>
      <subfield code="0">(DE-588)4112578-2</subfield>
      <subfield code="D">s</subfield>
    </datafield>
    <datafield ind1="0" ind2="1" tag="689">
      <subfield code="a">Quelle</subfield>
      <subfield code="0">(DE-588)4135952-5</subfield>
      <subfield code="D">s</subfield>
    </datafield>
    <datafield ind1="0" ind2=" " tag="689">
      <subfield code="5">DE-604</subfield>
    </datafield>
    <datafield ind1="1" ind2=" " tag="700">
      <subfield code="a">Richardi, Reinhard</subfield>
      <subfield code="d">1937-</subfield>
      <subfield code="e">Sonstige</subfield>
      <subfield code="0">(DE-588)120895846</subfield>
      <subfield code="4">oth</subfield>
    </datafield>
  </record>
  <record>
    <leader>00477nam a2200169 c 4500</leader>
    <controlfield tag="001">250538296</controlfield>
    <controlfield tag="003">DE-601</controlfield>
    <datafield ind1=" " ind2=" " tag="035">
      <subfield code="a">(OCoLC)214952160</subfield>
    </datafield>
    <datafield ind1=" " ind2=" " tag="035">
      <subfield code="a">(DE-599)GBV250538296</subfield>
    </datafield>
    <datafield ind1="0" ind2="0" tag="082">
      <subfield code="a">344.43/01/02632</subfield>
    </datafield>
    <datafield ind1=" " ind2=" " tag="084">
      <subfield code="a">86.74</subfield>
      <subfield code="9">Arbeitsrecht: Allgemeines</subfield>
      <subfield code="2">bkl</subfield>
    </datafield>
    <datafield ind1="2" ind2="7" tag="611">
      <subfield code="a">Quelle</subfield>
      <subfield code="2">gnd</subfield>
    </datafield>
    <datafield ind1=" " ind2="7" tag="650">
      <subfield code="0">(DE-601)106392085</subfield>
      <subfield code="0">(DE-588)4002769-7</subfield>
      <subfield code="a">Arbeitsrecht</subfield>
      <subfield code="2">gnd</subfield>
    </datafield>
    <datafield ind1="0" ind2="0" tag="689">
      <subfield code="0">(DE-601)106392085</subfield>
      <subfield code="0">(DE-588)4002769-7</subfield>
      <subfield code="D">s</subfield>
      <subfield code="a">Arbeitsrecht</subfield>
    </datafield>
    <datafield ind1="0" ind2="1" tag="689">
      <subfield code="A">f</subfield>
      <subfield code="a">Quelle</subfield>
    </datafield>
    <datafield ind1="0" ind2=" " tag="689">
      <subfield code="5">DE-101</subfield>
    </datafield>
    <datafield ind1="1" ind2=" " tag="700">
      <subfield code="a">Richardi, Reinhard</subfield>
    </datafield>
  </record>
  <record>
    <leader>00479cam a2200145 c 4500</leader>
    <controlfield tag="001">315167386</controlfield>
    <controlfield tag="003">DE-603</controlfield>
    <datafield ind1=" " ind2=" " tag="035">
      <subfield code="a">(DE-599)HEB315167386</subfield>
    </datafield>
    <datafield ind1="0" ind2="4" tag="082">
      <subfield code="8">1\x</subfield>
      <subfield code="a">344.43010263</subfield>
      <subfield code="q">DE-101</subfield>
      <subfield code="2">22/ger</subfield>
    </datafield>
    <datafield ind1=" " ind2=" " tag="084">
      <subfield code="a">340</subfield>
      <subfield code="q">DE-101</subfield>
      <subfield code="2">sdnb</subfield>
    </datafield>
    <datafield ind1=" " ind2=" " tag="084">
      <subfield code="a">PF 230</subfield>
      <subfield code="2">rvk</subfield>
    </datafield>
    <datafield ind1=" " ind2="7" tag="650">
      <subfield code="a">Arbeitsrecht</subfield>
      <subfield code="2">gnd</subfield>
      <subfield code="0">(DE-588)4002769-7</subfield>
      <subfield code="0">(DE-603)084998989</subfield>
    </datafield>
    <datafield ind1=" " ind2="7" tag="651">
      <subfield code="a">Deutschland</subfield>
      <subfield code="2">gnd</subfield>
      <subfield code="0">(DE-588)4011882-4</subfield>
      <subfield code="0">(DE-603)085025550</subfield>
    </datafield>
    <datafield ind1=" " ind2="7" tag="655">
      <subfield code="a">Quelle</subfield>
      <subfield code="2">gnd</subfield>
    </datafield>
    <datafield ind1="1" ind2=" " tag="700">
      <subfield code="a">Richardi, Reinhard</subfield>
      <subfield code="d">1937-</subfield>
      <subfield code="4">edt</subfield>
      <subfield code="e">Hrsg.</subfield>
      <subfield code="0">(DE-588)120895846</subfield>
      <subfield code="0">(DE-603)152397981</subfield>
    </datafield>
  </record>
  <record>
    <leader>00479cam a2200145 c 4500</leader>
    <controlfield tag="001">318877171</controlfield>
    <controlfield tag="003">DE-603</controlfield>
    <datafield ind1=" " ind2=" " tag="035">
      <subfield code="a">(DE-599)HEB318877171</subfield>
    </datafield>
    <datafield ind1="0" ind2="4" tag="082">
      <subfield code="8">1\x</subfield>
      <subfield code="a">344.43010263</subfield>
      <subfield code="q">DE-101</subfield>
      <subfield code="2">22/ger</subfield>
    </datafield>
    <datafield ind1=" " ind2=" " tag="084">
      <subfield code="a">340</subfield>
      <subfield code="q">DE-101</subfield>
      <subfield code="2">sdnb</subfield>
    </datafield>
    <datafield ind1=" " ind2=" " tag="084">
      <subfield code="a">PF 230</subfield>
      <subfield code="2">rvk</subfield>
    </datafield>
    <datafield ind1=" " ind2="7" tag="650">
      <subfield code="a">Arbeitsrecht</subfield>
      <subfield code="2">gnd</subfield>
      <subfield code="0">(DE-588)4002769-7</subfield>
      <subfield code="0">(DE-603)084998989</subfield>
    </datafield>
    <datafield ind1=" " ind2="7" tag="651">
      <subfield code="a">Deutschland</subfield>
      <subfield code="2">gnd</subfield>
      <subfield code="0">(DE-588)4011882-4</subfield>
      <subfield code="0">(DE-603)085025550</subfield>
    </datafield>
    <datafield ind1=" " ind2="7" tag="655">
      <subfield code="a">Quelle</subfield>
      <subfield code="2">gnd</subfield>
    </datafield>
    <datafield ind1="1" ind2=" " tag="700">
      <subfield code="a">Richardi, Reinhard</subfield>
      <subfield code="d">1937-</subfield>
      <subfield code="4">edt</subfield>
      <subfield code="e">Hrsg.</subfield>
      <subfield code="0">(DE-588)120895846</subfield>
      <subfield code="0">(DE-603)152397981</subfield>
    </datafield>
  </record>
  <record>
    <leader>00483cam a2200169 c 4500</leader>
    <controlfield tag="001">035011564</controlfield>
    <controlfield tag="003">DE-603</controlfield>
    <datafield ind1=" " ind2=" " tag="035">
      <subfield code="a">(DE-599)HEB035011564</subfield>
    </datafield>
    <datafield ind1=" " ind2=" " tag="035">
      <subfield code="a">(OCoLC)75531822</subfield>
    </datafield>
    <datafield ind1="7" ind2=" " tag="082">
      <subfield code="a">344.304102632</subfield>
    </datafield>
    <datafield ind1="7" ind2=" " tag="082">
      <subfield code="a">344.430102632</subfield>
    </datafield>
    <datafield ind1=" " ind2=" " tag="084">
      <subfield code="a">19</subfield>
      <subfield code="a">18</subfield>
      <subfield code="q">DE-101</subfield>
      <subfield code="2">sdnb</subfield>
    </datafield>
    <datafield ind1=" " ind2=" " tag="084">
      <subfield code="a">PF 230</subfield>
      <subfield code="2">rvk</subfield>
    </datafield>
    <datafield ind1=" " ind2=" " tag="084">
      <subfield code="a">7.11a</subfield>
      <subfield code="a">7.8c</subfield>
      <subfield code="q">DE-101</subfield>
      <subfield code="2">sdnb</subfield>
    </datafield>
    <datafield ind1=" " ind2="7" tag="650">
      <subfield code="a">Arbeitsrecht</subfield>
      <subfield code="2">gnd</subfield>
      <subfield code="0">(DE-588)4002769-7</subfield>
      <subfield code="0">(DE-603)084998989</subfield>
    </datafield>
    <datafield ind1=" " ind2="7" tag="655">
      <subfield code="a">Quelle</subfield>
      <subfield code="2">gnd</subfield>
    </datafield>
    <datafield ind1="1" ind2=" " tag="700">
      <subfield code="a">Richardi, Reinhard</subfield>
      <subfield code="d">1937-</subfield>
      <subfield code="0">(DE-588)120895846</subfield>
      <subfield code="0">(DE-603)152397981</subfield>
    </datafield>
  </record>
  <record>
    <leader>00483cam a2200169 c 4500</leader>
    <controlfield tag="001">052132692</controlfield>
    <controlfield tag="003">DE-603</controlfield>
    <datafield ind1=" " ind2=" " tag="035">
      <subfield code="a">(DE-599)HEB052132692</subfield>
    </datafield>
    <datafield ind1=" " ind2=" " tag="035">
      <subfield code="a">(OCoLC)75947777</subfield>
    </datafield>
    <datafield ind1="7" ind2=" " tag="082">
      <subfield code="a">344.304102632</subfield>
    </datafield>
    <datafield ind1="7" ind2=" " tag="082">
      <subfield code="a">344.430102632</subfield>
    </datafield>
    <datafield ind1=" " ind2=" " tag="084">
      <subfield code="a">19</subfield>
      <subfield code="a">18</subfield>
      <subfield code="q">DE-101</subfield>
      <subfield code="2">sdnb</subfield>
    </datafield>
    <datafield ind1=" " ind2=" " tag="084">
      <subfield code="a">PF 230</subfield>
      <subfield code="2">rvk</subfield>
    </datafield>
    <datafield ind1=" " ind2=" " tag="084">
      <subfield code="a">7.11a</subfield>
      <subfield code="a">7.8c</subfield>
      <subfield code="q">DE-101</subfield>
      <subfield code="2">sdnb</subfield>
    </datafield>
    <datafield ind1=" " ind2="7" tag="650">
      <subfield code="a">Arbeitsrecht</subfield>
      <subfield code="2">gnd</subfield>
      <subfield code="0">(DE-588)4002769-7</subfield>
      <subfield code="0">(DE-603)084998989</subfield>
    </datafield>
    <datafield ind1=" " ind2="7" tag="655">
      <subfield code="a">Quelle</subfield>
      <subfield code="2">gnd</subfield>
    </datafield>
    <datafield ind1="1" ind2=" " tag="700">
      <subfield code="a">Richardi, Reinhard</subfield>
      <subfield code="d">1937-</subfield>
      <subfield code="0">(DE-588)120895846</subfield>
      <subfield code="0">(DE-603)152397981</subfield>
    </datafield>
  </record>
  <record>
    <leader>00489cam a22001452  4500</leader>
    <controlfield tag="001">261226975</controlfield>
    <controlfield tag="003">DE-576</controlfield>
    <datafield ind1=" " ind2=" " tag="035">
      <subfield code="a">(DE-599)BSZ261226975</subfield>
    </datafield>
    <datafield ind1=" " ind2=" " tag="084">
      <subfield code="a">PF 230</subfield>
      <subfield code="2">rvk</subfield>
    </datafield>
    <datafield ind1=" " ind2="7" tag="655">
      <subfield code="a">Quelle</subfield>
      <subfield code="0">(DE-588)4135952-5</subfield>
      <subfield code="0">(DE-576)209665084</subfield>
      <subfield code="2">gnd-content</subfield>
    </datafield>
    <datafield ind1="0" ind2="0" tag="689">
      <subfield code="D">g</subfield>
      <subfield code="0">(DE-588)4011882-4</subfield>
      <subfield code="0">(DE-576)208896155</subfield>
      <subfield code="2">gnd</subfield>
      <subfield code="a">Deutschland</subfield>
    </datafield>
    <datafield ind1="0" ind2="1" tag="689">
      <subfield code="D">s</subfield>
      <subfield code="0">(DE-588)4002769-7</subfield>
      <subfield code="0">(DE-576)208848622</subfield>
      <subfield code="2">gnd</subfield>
      <subfield code="a">Arbeitsrecht</subfield>
    </datafield>
    <datafield ind1="0" ind2="2" tag="689">
      <subfield code="A">f</subfield>
      <subfield code="2">gnd</subfield>
      <subfield code="a">Quelle</subfield>
    </datafield>
    <datafield ind1="0" ind2=" " tag="689">
      <subfield code="5">DE-101</subfield>
    </datafield>
    <datafield ind1="1" ind2=" " tag="700">
      <subfield code="a">Richardi, Reinhard</subfield>
      <subfield code="d">1937-</subfield>
      <subfield code="0">(DE-588)120895846</subfield>
      <subfield code="0">(DE-576)162716834</subfield>
    </datafield>
  </record>
  <record>
    <leader>00489nam a2200157 cb4500</leader>
    <controlfield tag="001">BV027268641</controlfield>
    <controlfield tag="003">DE-604</controlfield>
    <datafield ind1=" " ind2=" " tag="035">
      <subfield code="a">(OCoLC)917390383</subfield>
    </datafield>
    <datafield ind1=" " ind2=" " tag="035">
      <subfield code="a">(DE-599)DNB988029367</subfield>
    </datafield>
    <datafield ind1="0" ind2="7" tag="650">
      <subfield code="a">Arbeitsrecht</subfield>
      <subfield code="0">(DE-588)4002769-7</subfield>
      <subfield code="2">gnd</subfield>
    </datafield>
    <datafield ind1=" " ind2="7" tag="651">
      <subfield code="a">Deutschland</subfield>
      <subfield code="0">(DE-588)4011882-4</subfield>
      <subfield code="2">gnd</subfield>
    </datafield>
    <datafield ind1=" " ind2="7" tag="655">
      <subfield code="0">(DE-588)4135952-5</subfield>
      <subfield code="a">Quelle</subfield>
      <subfield code="2">gnd-content</subfield>
    </datafield>
    <datafield ind1="0" ind2="0" tag="689">
      <subfield code="a">Deutschland</subfield>
      <subfield code="0">(DE-588)4011882-4</subfield>
      <subfield code="D">g</subfield>
    </datafield>
    <datafield ind1="0" ind2="1" tag="689">
      <subfield code="a">Arbeitsrecht</subfield>
      <subfield code="0">(DE-588)4002769-7</subfield>
      <subfield code="D">s</subfield>
    </datafield>
    <datafield ind1="0" ind2=" " tag="689">
      <subfield code="5">DE-604</subfield>
    </datafield>
    <datafield ind1="1" ind2=" " tag="700">
      <subfield code="a">Richardi, Reinhard</subfield>
      <subfield code="d">1937-</subfield>
      <subfield code="0">(DE-588)120895846</subfield>
      <subfield code="4">edt</subfield>
    </datafield>
  </record>
  <record>
    <leader>00490nam a2200169 c 4500</leader>
    <controlfield tag="001">HT017162051</controlfield>
    <controlfield tag="003">DE-605</controlfield>
    <datafield ind1=" " ind2=" " tag="035">
      <subfield code="a">(DE-599)BSZ359714234</subfield>
    </datafield>
    <datafield ind1=" " ind2=" " tag="084">
      <subfield code="a">PF 230</subfield>
      <subfield code="2">rvk</subfield>
    </datafield>
    <datafield ind1="0" ind2="7" tag="650">
      <subfield code="a">Arbeitsrecht</subfield>
      <subfield code="0">(DE-588)4002769-7</subfield>
      <subfield code="2">gnd</subfield>
    </datafield>
    <datafield ind1=" " ind2="7" tag="651">
      <subfield code="a">Deutschland</subfield>
      <subfield code="0">(DE-588)4011882-4</subfield>
      <subfield code="2">gnd</subfield>
    </datafield>
    <datafield ind1=" " ind2="7" tag="655">
      <subfield code="a">Quelle</subfield>
      <subfield code="2">gnd</subfield>
    </datafield>
    <datafield ind1="0" ind2="0" tag="689">
      <subfield code="a">Deutschland</subfield>
      <subfield code="0">(DE-588)4011882-4</subfield>
      <subfield code="D">g</subfield>
    </datafield>
    <datafield ind1="0" ind2="1" tag="689">
      <subfield code="a">Arbeitsrecht</subfield>
      <subfield code="0">(DE-588)4002769-7</subfield>
      <subfield code="D">s</subfield>
    </datafield>
    <datafield ind1="0" ind2="2" tag="689">
      <subfield code="a">Quelle</subfield>
      <subfield code="A">f</subfield>
    </datafield>
    <datafield ind1="0" ind2=" " tag="689">
      <subfield code="5">DE-605</subfield>
    </datafield>
    <datafield ind1="1" ind2=" " tag="700">
      <subfield code="a">Richardi, Reinhard</subfield>
      <subfield code="d">1937-</subfield>
      <subfield code="e">Hrsg.</subfield>
      <subfield code="0">(DE-588)120895846</subfield>
      <subfield code="4">edt</subfield>
    </datafield>
  </record>
  <record>
    <leader>00490nam a2200169 c 4500</leader>
    <controlfield tag="001">HT014142165</controlfield>
    <controlfield tag="003">DE-605</controlfield>
    <datafield ind1=" " ind2=" " tag="035">
      <subfield code="a">(DE-599)HBZHT014142165</subfield>
    </datafield>
    <datafield ind1=" " ind2=" " tag="084">
      <subfield code="a">340</subfield>
      <subfield code="2">sdnb</subfield>
    </datafield>
    <datafield ind1="0" ind2="7" tag="650">
      <subfield code="a">Arbeitsrecht</subfield>
      <subfield code="0">(DE-588)4002769-7</subfield>
      <subfield code="2">gnd</subfield>
    </datafield>
    <datafield ind1=" " ind2="7" tag="651">
      <subfield code="a">Deutschland</subfield>
      <subfield code="0">(DE-588)4011882-4</subfield>
      <subfield code="2">gnd</subfield>
    </datafield>
    <datafield ind1=" " ind2="7" tag="655">
      <subfield code="a">Quelle</subfield>
      <subfield code="2">gnd</subfield>
    </datafield>
    <datafield ind1="0" ind2="0" tag="689">
      <subfield code="a">Deutschland</subfield>
      <subfield code="0">(DE-588)4011882-4</subfield>
      <subfield code="D">g</subfield>
    </datafield>
    <datafield ind1="0" ind2="1" tag="689">
      <subfield code="a">Arbeitsrecht</subfield>
      <subfield code="0">(DE-588)4002769-7</subfield>
      <subfield code="D">s</subfield>
    </datafield>
    <datafield ind1="0" ind2="2" tag="689">
      <subfield code="a">Quelle</subfield>
      <subfield code="A">f</subfield>
    </datafield>
    <datafield ind1="0" ind2=" " tag="689">
      <subfield code="5">DE-605</subfield>
    </datafield>
    <datafield ind1="1" ind2=" " tag="700">
      <subfield code="a">Richardi, Reinhard</subfield>
      <subfield code="d">1937-</subfield>
      <subfield code="e">Hrsg.</subfield>
      <subfield code="0">(DE-588)120895846</subfield>
      <subfield code="4">edt</subfield>
    </datafield>
  </record>
  <record>
    <leader>00490nam a2200169 c 4500</leader>
    <controlfield tag="001">HT014303071</controlfield>
    <controlfield tag="003">DE-605</controlfield>
    <datafield ind1=" " ind2=" " tag="035">
      <subfield code="a">(DE-599)HBZHT014303071</subfield>
    </datafield>
    <datafield ind1=" " ind2=" " tag="084">
      <subfield code="a">340</subfield>
      <subfield code="2">sdnb</subfield>
    </datafield>
    <datafield ind1="0" ind2="7" tag="650">
      <subfield code="a">Arbeitsrecht</subfield>
      <subfield code="0">(DE-588)4002769-7</subfield>
      <subfield code="2">gnd</subfield>
    </datafield>
    <datafield ind1=" " ind2="7" tag="651">
      <subfield code="a">Deutschland</subfield>
      <subfield code="0">(DE-588)4011882-4</subfield>
      <subfield code="2">gnd</subfield>
    </datafield>
    <datafield ind1=" " ind2="7" tag="655">
      <subfield code="a">Quelle</subfield>
      <subfield code="2">gnd</subfield>
    </datafield>
    <datafield ind1="0" ind2="0" tag="689">
      <subfield code="a">Deutschland</subfield>
      <subfield code="0">(DE-588)4011882-4</subfield>
      <subfield code="D">g</subfield>
    </datafield>
    <datafield ind1="0" ind2="1" tag="689">
      <subfield code="a">Arbeitsrecht</subfield>
      <subfield code="0">(DE-588)4002769-7</subfield>
      <subfield code="D">s</subfield>
    </datafield>
    <datafield ind1="0" ind2="2" tag="689">
      <subfield code="a">Quelle</subfield>
      <subfield code="A">f</subfield>
    </datafield>
    <datafield ind1="0" ind2=" " tag="689">
      <subfield code="5">DE-605</subfield>
    </datafield>
    <datafield ind1="1" ind2=" " tag="700">
      <subfield code="a">Richardi, Reinhard</subfield>
      <subfield code="d">1937-</subfield>
      <subfield code="e">Hrsg.</subfield>
      <subfield code="0">(DE-588)120895846</subfield>
      <subfield code="4">edt</subfield>
    </datafield>
  </record>
  <record>
    <leader>00490nam a2200169 c 4500</leader>
    <controlfield tag="001">HT014495420</controlfield>
    <controlfield tag="003">DE-605</controlfield>
    <datafield ind1=" " ind2=" " tag="035">
      <subfield code="a">(DE-599)HBZHT014495420</subfield>
    </datafield>
    <datafield ind1=" " ind2=" " tag="084">
      <subfield code="a">340</subfield>
      <subfield code="2">sdnb</subfield>
    </datafield>
    <datafield ind1="0" ind2="7" tag="650">
      <subfield code="a">Arbeitsrecht</subfield>
      <subfield code="0">(DE-588)4002769-7</subfield>
      <subfield code="2">gnd</subfield>
    </datafield>
    <datafield ind1=" " ind2="7" tag="651">
      <subfield code="a">Deutschland</subfield>
      <subfield code="0">(DE-588)4011882-4</subfield>
      <subfield code="2">gnd</subfield>
    </datafield>
    <datafield ind1=" " ind2="7" tag="655">
      <subfield code="a">Quelle</subfield>
      <subfield code="2">gnd</subfield>
    </datafield>
    <datafield ind1="0" ind2="0" tag="689">
      <subfield code="a">Deutschland</subfield>
      <subfield code="0">(DE-588)4011882-4</subfield>
      <subfield code="D">g</subfield>
    </datafield>
    <datafield ind1="0" ind2="1" tag="689">
      <subfield code="a">Arbeitsrecht</subfield>
      <subfield code="0">(DE-588)4002769-7</subfield>
      <subfield code="D">s</subfield>
    </datafield>
    <datafield ind1="0" ind2="2" tag="689">
      <subfield code="a">Quelle</subfield>
      <subfield code="A">f</subfield>
    </datafield>
    <datafield ind1="0" ind2=" " tag="689">
      <subfield code="5">DE-605</subfield>
    </datafield>
    <datafield ind1="1" ind2=" " tag="700">
      <subfield code="a">Richardi, Reinhard</subfield>
      <subfield code="d">1937-</subfield>
      <subfield code="e">Hrsg.</subfield>
      <subfield code="0">(DE-588)120895846</subfield>
      <subfield code="4">edt</subfield>
    </datafield>
  </record>
  <record>
    <leader>00490nam a2200169 cb4500</leader>
    <controlfield tag="001">HT015478730</controlfield>
    <controlfield tag="003">DE-605</controlfield>
    <datafield ind1=" " ind2=" " tag="035">
      <subfield code="a">(DE-599)HBZHT015478730</subfield>
    </datafield>
    <datafield ind1=" " ind2=" " tag="084">
      <subfield code="a">600</subfield>
      <subfield code="2">rpb</subfield>
    </datafield>
    <datafield ind1="0" ind2="7" tag="650">
      <subfield code="a">Arbeitsrecht</subfield>
      <subfield code="0">(DE-588)4002769-7</subfield>
      <subfield code="2">gnd</subfield>
    </datafield>
    <datafield ind1=" " ind2="7" tag="651">
      <subfield code="a">Deutschland</subfield>
      <subfield code="0">(DE-588)4011882-4</subfield>
      <subfield code="2">gnd</subfield>
    </datafield>
    <datafield ind1=" " ind2="7" tag="655">
      <subfield code="a">Quelle</subfield>
      <subfield code="2">gnd</subfield>
    </datafield>
    <datafield ind1="0" ind2="0" tag="689">
      <subfield code="a">Deutschland</subfield>
      <subfield code="0">(DE-588)4011882-4</subfield>
      <subfield code="D">g</subfield>
    </datafield>
    <datafield ind1="0" ind2="1" tag="689">
      <subfield code="a">Arbeitsrecht</subfield>
      <subfield code="0">(DE-588)4002769-7</subfield>
      <subfield code="D">s</subfield>
    </datafield>
    <datafield ind1="0" ind2="2" tag="689">
      <subfield code="a">Quelle</subfield>
      <subfield code="A">f</subfield>
    </datafield>
    <datafield ind1="0" ind2=" " tag="689">
      <subfield code="5">DE-605</subfield>
    </datafield>
    <datafield ind1="1" ind2=" " tag="700">
      <subfield code="a">Richardi, Reinhard</subfield>
      <subfield code="d">1937-</subfield>
      <subfield code="e">Bearb.</subfield>
      <subfield code="0">(DE-588)120895846</subfield>
      <subfield code="4">edt</subfield>
    </datafield>
  </record>
  <record>
    <leader>00490nam a2200169 cb4500</leader>
    <controlfield tag="001">HT016514900</controlfield>
    <controlfield tag="003">DE-605</controlfield>
    <datafield ind1=" " ind2=" " tag="035">
      <subfield code="a">(DE-599)HBZHT016514900</subfield>
    </datafield>
    <datafield ind1=" " ind2=" " tag="084">
      <subfield code="a">600</subfield>
      <subfield code="2">rpb</subfield>
    </datafield>
    <datafield ind1="0" ind2="7" tag="650">
      <subfield code="a">Arbeitsrecht</subfield>
      <subfield code="0">(DE-588)4002769-7</subfield>
      <subfield code="2">gnd</subfield>
    </datafield>
    <datafield ind1=" " ind2="7" tag="651">
      <subfield code="a">Deutschland</subfield>
      <subfield code="0">(DE-588)4011882-4</subfield>
      <subfield code="2">gnd</subfield>
    </datafield>
    <datafield ind1=" " ind2="7" tag="655">
      <subfield code="a">Quelle</subfield>
      <subfield code="2">gnd</subfield>
    </datafield>
    <datafield ind1="0" ind2="0" tag="689">
      <subfield code="a">Deutschland</subfield>
      <subfield code="0">(DE-588)4011882-4</subfield>
      <subfield code="D">g</subfield>
    </datafield>
    <datafield ind1="0" ind2="1" tag="689">
      <subfield code="a">Arbeitsrecht</subfield>
      <subfield code="0">(DE-588)4002769-7</subfield>
      <subfield code="D">s</subfield>
    </datafield>
    <datafield ind1="0" ind2="2" tag="689">
      <subfield code="a">Quelle</subfield>
      <subfield code="A">f</subfield>
    </datafield>
    <datafield ind1="0" ind2=" " tag="689">
      <subfield code="5">DE-605</subfield>
    </datafield>
    <datafield ind1="1" ind2=" " tag="700">
      <subfield code="a">Richardi, Reinhard</subfield>
      <subfield code="d">1937-</subfield>
      <subfield code="e">Bearb.</subfield>
      <subfield code="0">(DE-588)120895846</subfield>
      <subfield code="4">edt</subfield>
    </datafield>
  </record>
  <record>
    <leader>00490nam a2200169 cb4500</leader>
    <controlfield tag="001">HT016744771</controlfield>
    <controlfield tag="003">DE-605</controlfield>
    <datafield ind1=" " ind2=" " tag="035">
      <subfield code="a">(DE-599)HBZHT016744771</subfield>
    </datafield>
    <datafield ind1=" " ind2=" " tag="084">
      <subfield code="a">600</subfield>
      <subfield code="2">rpb</subfield>
    </datafield>
    <datafield ind1="0" ind2="7" tag="650">
      <subfield code="a">Arbeitsrecht</subfield>
      <subfield code="0">(DE-588)4002769-7</subfield>
      <subfield code="2">gnd</subfield>
    </datafield>
    <datafield ind1=" " ind2="7" tag="651">
      <subfield code="a">Deutschland</subfield>
      <subfield code="0">(DE-588)4011882-4</subfield>
      <subfield code="2">gnd</subfield>
    </datafield>
    <datafield ind1=" " ind2="7" tag="655">
      <subfield code="a">Quelle</subfield>
      <subfield code="2">gnd</subfield>
    </datafield>
    <datafield ind1="0" ind2="0" tag="689">
      <subfield code="a">Deutschland</subfield>
      <subfield code="0">(DE-588)4011882-4</subfield>
      <subfield code="D">g</subfield>
    </datafield>
    <datafield ind1="0" ind2="1" tag="689">
      <subfield code="a">Arbeitsrecht</subfield>
      <subfield code="0">(DE-588)4002769-7</subfield>
      <subfield code="D">s</subfield>
    </datafield>
    <datafield ind1="0" ind2="2" tag="689">
      <subfield code="a">Quelle</subfield>
      <subfield code="A">f</subfield>
    </datafield>
    <datafield ind1="0" ind2=" " tag="689">
      <subfield code="5">DE-605</subfield>
    </datafield>
    <datafield ind1="1" ind2=" " tag="700">
      <subfield code="a">Richardi, Reinhard</subfield>
      <subfield code="d">1937-</subfield>
      <subfield code="e">Bearb.</subfield>
      <subfield code="0">(DE-588)120895846</subfield>
      <subfield code="4">edt</subfield>
    </datafield>
  </record>
  <record>
    <leader>00491cam a2200145   4500</leader>
    <controlfield tag="001">250927640</controlfield>
    <controlfield tag="003">DE-576</controlfield>
    <datafield ind1=" " ind2=" " tag="035">
      <subfield code="a">(OCoLC)218993644</subfield>
    </datafield>
    <datafield ind1=" " ind2=" " tag="035">
      <subfield code="a">(DE-599)BSZ250927640</subfield>
    </datafield>
    <datafield ind1=" " ind2=" " tag="084">
      <subfield code="a">PF 230</subfield>
      <subfield code="2">rvk</subfield>
    </datafield>
    <datafield ind1=" " ind2="7" tag="655">
      <subfield code="a">Quelle</subfield>
      <subfield code="0">(DE-588)4135952-5</subfield>
      <subfield code="0">(DE-576)209665084</subfield>
      <subfield code="2">gnd-content</subfield>
    </datafield>
    <datafield ind1="0" ind2="0" tag="689">
      <subfield code="D">g</subfield>
      <subfield code="0">(DE-588)4011882-4</subfield>
      <subfield code="0">(DE-576)208896155</subfield>
      <subfield code="2">gnd</subfield>
      <subfield code="a">Deutschland</subfield>
    </datafield>
    <datafield ind1="0" ind2="1" tag="689">
      <subfield code="D">s</subfield>
      <subfield code="0">(DE-588)4002769-7</subfield>
      <subfield code="0">(DE-576)208848622</subfield>
      <subfield code="2">gnd</subfield>
      <subfield code="a">Arbeitsrecht</subfield>
    </datafield>
    <datafield ind1="0" ind2=" " tag="689">
      <subfield code="5">DE-101</subfield>
    </datafield>
    <datafield ind1="1" ind2=" " tag="700">
      <subfield code="a">Richardi, Reinhard</subfield>
      <subfield code="d">1937-</subfield>
      <subfield code="0">(DE-588)120895846</subfield>
      <subfield code="0">(DE-576)162716834</subfield>
    </datafield>
  </record>
  <record>
    <leader>00491cam a2200145   4500</leader>
    <controlfield tag="001">262467232</controlfield>
    <controlfield tag="003">DE-576</controlfield>
    <datafield ind1=" " ind2=" " tag="035">
      <subfield code="a">(OCoLC)315297317</subfield>
    </datafield>
    <datafield ind1=" " ind2=" " tag="035">
      <subfield code="a">(DE-599)BSZ262467232</subfield>
    </datafield>
    <datafield ind1=" " ind2=" " tag="084">
      <subfield code="a">PF 230</subfield>
      <subfield code="2">rvk</subfield>
    </datafield>
    <datafield ind1=" " ind2="7" tag="655">
      <subfield code="a">Quelle</subfield>
      <subfield code="0">(DE-588)4135952-5</subfield>
      <subfield code="0">(DE-576)209665084</subfield>
      <subfield code="2">gnd-content</subfield>
    </datafield>
    <datafield ind1="0" ind2="0" tag="689">
      <subfield code="D">g</subfield>
      <subfield code="0">(DE-588)4011882-4</subfield>
      <subfield code="0">(DE-576)208896155</subfield>
      <subfield code="2">gnd</subfield>
      <subfield code="a">Deutschland</subfield>
    </datafield>
    <datafield ind1="0" ind2="1" tag="689">
      <subfield code="D">s</subfield>
      <subfield code="0">(DE-588)4002769-7</subfield>
      <subfield code="0">(DE-576)208848622</subfield>
      <subfield code="2">gnd</subfield>
      <subfield code="a">Arbeitsrecht</subfield>
    </datafield>
    <datafield ind1="0" ind2=" " tag="689">
      <subfield code="5">DE-101</subfield>
    </datafield>
    <datafield ind1="1" ind2=" " tag="700">
      <subfield code="a">Richardi, Reinhard</subfield>
      <subfield code="d">1937-</subfield>
      <subfield code="0">(DE-588)120895846</subfield>
      <subfield code="0">(DE-576)162716834</subfield>
    </datafield>
  </record>
  <record>
    <leader>00491cam a2200145   4500</leader>
    <controlfield tag="001">271430737</controlfield>
    <controlfield tag="003">DE-576</controlfield>
    <datafield ind1=" " ind2=" " tag="035">
      <subfield code="a">(OCoLC)315718891</subfield>
    </datafield>
    <datafield ind1=" " ind2=" " tag="035">
      <subfield code="a">(DE-599)BSZ271430737</subfield>
    </datafield>
    <datafield ind1=" " ind2=" " tag="084">
      <subfield code="a">PF 230</subfield>
      <subfield code="2">rvk</subfield>
    </datafield>
    <datafield ind1=" " ind2="7" tag="655">
      <subfield code="a">Quelle</subfield>
      <subfield code="0">(DE-588)4135952-5</subfield>
      <subfield code="0">(DE-576)209665084</subfield>
      <subfield code="2">gnd-content</subfield>
    </datafield>
    <datafield ind1="0" ind2="0" tag="689">
      <subfield code="D">g</subfield>
      <subfield code="0">(DE-588)4011882-4</subfield>
      <subfield code="0">(DE-576)208896155</subfield>
      <subfield code="2">gnd</subfield>
      <subfield code="a">Deutschland</subfield>
    </datafield>
    <datafield ind1="0" ind2="1" tag="689">
      <subfield code="D">s</subfield>
      <subfield code="0">(DE-588)4002769-7</subfield>
      <subfield code="0">(DE-576)208848622</subfield>
      <subfield code="2">gnd</subfield>
      <subfield code="a">Arbeitsrecht</subfield>
    </datafield>
    <datafield ind1="0" ind2=" " tag="689">
      <subfield code="5">DE-101</subfield>
    </datafield>
    <datafield ind1="1" ind2=" " tag="700">
      <subfield code="a">Richardi, Reinhard</subfield>
      <subfield code="d">1937-</subfield>
      <subfield code="0">(DE-588)120895846</subfield>
      <subfield code="0">(DE-576)162716834</subfield>
    </datafield>
  </record>
  <record>
    <leader>00491nam a2200169 cb4500</leader>
    <controlfield tag="001">HT017393968</controlfield>
    <controlfield tag="003">DE-605</controlfield>
    <datafield ind1=" " ind2=" " tag="035">
      <subfield code="a">(DE-599)DNB1020478381</subfield>
    </datafield>
    <datafield ind1=" " ind2=" " tag="084">
      <subfield code="a">PF 230</subfield>
      <subfield code="2">rvk</subfield>
    </datafield>
    <datafield ind1="0" ind2="7" tag="650">
      <subfield code="a">Arbeitsrecht</subfield>
      <subfield code="0">(DE-588)4002769-7</subfield>
      <subfield code="2">gnd</subfield>
    </datafield>
    <datafield ind1=" " ind2="7" tag="651">
      <subfield code="a">Deutschland</subfield>
      <subfield code="0">(DE-588)4011882-4</subfield>
      <subfield code="2">gnd</subfield>
    </datafield>
    <datafield ind1=" " ind2="7" tag="655">
      <subfield code="a">Quelle</subfield>
      <subfield code="2">gnd</subfield>
    </datafield>
    <datafield ind1="0" ind2="0" tag="689">
      <subfield code="a">Deutschland</subfield>
      <subfield code="0">(DE-588)4011882-4</subfield>
      <subfield code="D">g</subfield>
    </datafield>
    <datafield ind1="0" ind2="1" tag="689">
      <subfield code="a">Arbeitsrecht</subfield>
      <subfield code="0">(DE-588)4002769-7</subfield>
      <subfield code="D">s</subfield>
    </datafield>
    <datafield ind1="0" ind2="2" tag="689">
      <subfield code="a">Quelle</subfield>
      <subfield code="A">f</subfield>
    </datafield>
    <datafield ind1="0" ind2=" " tag="689">
      <subfield code="5">DE-605</subfield>
    </datafield>
    <datafield ind1="1" ind2=" " tag="700">
      <subfield code="a">Richardi, Reinhard</subfield>
      <subfield code="d">1937-</subfield>
      <subfield code="e">Hrsg.</subfield>
      <subfield code="0">(DE-588)120895846</subfield>
      <subfield code="4">edt</subfield>
    </datafield>
  </record>
  <record>
    <leader>00491nam a2200169 cb4500</leader>
    <controlfield tag="001">TT002916126</controlfield>
    <controlfield tag="003">DE-605</controlfield>
    <datafield ind1=" " ind2=" " tag="035">
      <subfield code="a">(DE-599)HBZTT002916126</subfield>
    </datafield>
    <datafield ind1="0" ind2="7" tag="650">
      <subfield code="a">Arbeitsrecht</subfield>
      <subfield code="0">(DE-588)4002769-7</subfield>
      <subfield code="2">gnd</subfield>
    </datafield>
    <datafield ind1=" " ind2="7" tag="651">
      <subfield code="a">Deutschland</subfield>
      <subfield code="0">(DE-588)4011882-4</subfield>
      <subfield code="2">gnd</subfield>
    </datafield>
    <datafield ind1=" " ind2=" " tag="653">
      <subfield code="a">Deutschland / Arbeitsrecht / Quelle</subfield>
    </datafield>
    <datafield ind1=" " ind2="7" tag="655">
      <subfield code="a">Quelle</subfield>
      <subfield code="2">gnd</subfield>
    </datafield>
    <datafield ind1="0" ind2="0" tag="689">
      <subfield code="a">Deutschland</subfield>
      <subfield code="0">(DE-588)4011882-4</subfield>
      <subfield code="D">g</subfield>
    </datafield>
    <datafield ind1="0" ind2="1" tag="689">
      <subfield code="a">Arbeitsrecht</subfield>
      <subfield code="0">(DE-588)4002769-7</subfield>
      <subfield code="D">s</subfield>
    </datafield>
    <datafield ind1="0" ind2="2" tag="689">
      <subfield code="a">Quelle</subfield>
      <subfield code="A">f</subfield>
    </datafield>
    <datafield ind1="0" ind2=" " tag="689">
      <subfield code="5">DE-605</subfield>
    </datafield>
    <datafield ind1="1" ind2=" " tag="700">
      <subfield code="a">Richardi, Reinhard</subfield>
      <subfield code="e">Bearb.</subfield>
      <subfield code="4">edt</subfield>
    </datafield>
  </record>
  <record>
    <leader>00492nam a2200169 c 4500</leader>
    <controlfield tag="001">HT017474408</controlfield>
    <controlfield tag="003">DE-605</controlfield>
    <datafield ind1=" " ind2=" " tag="035">
      <subfield code="a">(DE-599)HBZHT017474408</subfield>
    </datafield>
    <datafield ind1=" " ind2=" " tag="084">
      <subfield code="a">PF 230</subfield>
      <subfield code="2">rvk</subfield>
    </datafield>
    <datafield ind1="0" ind2="7" tag="650">
      <subfield code="a">Arbeitsrecht</subfield>
      <subfield code="0">(DE-588)4002769-7</subfield>
      <subfield code="2">gnd</subfield>
    </datafield>
    <datafield ind1=" " ind2="7" tag="651">
      <subfield code="a">Deutschland</subfield>
      <subfield code="0">(DE-588)4011882-4</subfield>
      <subfield code="2">gnd</subfield>
    </datafield>
    <datafield ind1=" " ind2="7" tag="655">
      <subfield code="a">Quelle</subfield>
      <subfield code="2">gnd</subfield>
    </datafield>
    <datafield ind1="0" ind2="0" tag="689">
      <subfield code="a">Deutschland</subfield>
      <subfield code="0">(DE-588)4011882-4</subfield>
      <subfield code="D">g</subfield>
    </datafield>
    <datafield ind1="0" ind2="1" tag="689">
      <subfield code="a">Arbeitsrecht</subfield>
      <subfield code="0">(DE-588)4002769-7</subfield>
      <subfield code="D">s</subfield>
    </datafield>
    <datafield ind1="0" ind2="2" tag="689">
      <subfield code="a">Quelle</subfield>
      <subfield code="A">f</subfield>
    </datafield>
    <datafield ind1="0" ind2=" " tag="689">
      <subfield code="5">DE-605</subfield>
    </datafield>
    <datafield ind1="1" ind2=" " tag="700">
      <subfield code="a">Richardi, Reinhard</subfield>
      <subfield code="d">1937-</subfield>
      <subfield code="e">Hrsg.</subfield>
      <subfield code="0">(DE-588)120895846</subfield>
      <subfield code="4">edt</subfield>
    </datafield>
  </record>
  <record>
    <leader>00492nam a2200169 c 4500</leader>
    <controlfield tag="001">TT001465939</controlfield>
    <controlfield tag="003">DE-605</controlfield>
    <datafield ind1=" " ind2=" " tag="035">
      <subfield code="a">(DE-599)HBZTT001465939</subfield>
    </datafield>
    <datafield ind1=" " ind2=" " tag="084">
      <subfield code="a">PF 230</subfield>
      <subfield code="2">rvk</subfield>
    </datafield>
    <datafield ind1="0" ind2="7" tag="650">
      <subfield code="a">Arbeitsrecht</subfield>
      <subfield code="0">(DE-588)4002769-7</subfield>
      <subfield code="2">gnd</subfield>
    </datafield>
    <datafield ind1=" " ind2="7" tag="651">
      <subfield code="a">Deutschland</subfield>
      <subfield code="0">(DE-588)4011882-4</subfield>
      <subfield code="2">gnd</subfield>
    </datafield>
    <datafield ind1=" " ind2="7" tag="655">
      <subfield code="a">Quelle</subfield>
      <subfield code="2">gnd</subfield>
    </datafield>
    <datafield ind1="0" ind2="0" tag="689">
      <subfield code="a">Deutschland</subfield>
      <subfield code="0">(DE-588)4011882-4</subfield>
      <subfield code="D">g</subfield>
    </datafield>
    <datafield ind1="0" ind2="1" tag="689">
      <subfield code="a">Arbeitsrecht</subfield>
      <subfield code="0">(DE-588)4002769-7</subfield>
      <subfield code="D">s</subfield>
    </datafield>
    <datafield ind1="0" ind2="2" tag="689">
      <subfield code="a">Quelle</subfield>
      <subfield code="A">f</subfield>
    </datafield>
    <datafield ind1="0" ind2=" " tag="689">
      <subfield code="5">DE-605</subfield>
    </datafield>
    <datafield ind1="1" ind2=" " tag="700">
      <subfield code="a">Richardi, Reinhard</subfield>
      <subfield code="d">1937-</subfield>
      <subfield code="e">Vorr.</subfield>
      <subfield code="0">(DE-588)120895846</subfield>
      <subfield code="4">oth</subfield>
    </datafield>
  </record>
  <record>
    <leader>00492nam a2200169 cb4500</leader>
    <controlfield tag="001">HT017397643</controlfield>
    <controlfield tag="003">DE-605</controlfield>
    <datafield ind1=" " ind2=" " tag="035">
      <subfield code="a">(DE-599)HBZHT017397643</subfield>
    </datafield>
    <datafield ind1=" " ind2=" " tag="084">
      <subfield code="a">PF 230</subfield>
      <subfield code="2">rvk</subfield>
    </datafield>
    <datafield ind1="0" ind2="7" tag="650">
      <subfield code="a">Arbeitsrecht</subfield>
      <subfield code="0">(DE-588)4002769-7</subfield>
      <subfield code="2">gnd</subfield>
    </datafield>
    <datafield ind1=" " ind2="7" tag="651">
      <subfield code="a">Deutschland</subfield>
      <subfield code="0">(DE-588)4011882-4</subfield>
      <subfield code="2">gnd</subfield>
    </datafield>
    <datafield ind1=" " ind2="7" tag="655">
      <subfield code="a">Quelle</subfield>
      <subfield code="2">gnd</subfield>
    </datafield>
    <datafield ind1="0" ind2="0" tag="689">
      <subfield code="a">Deutschland</subfield>
      <subfield code="0">(DE-588)4011882-4</subfield>
      <subfield code="D">g</subfield>
    </datafield>
    <datafield ind1="0" ind2="1" tag="689">
      <subfield code="a">Arbeitsrecht</subfield>
      <subfield code="0">(DE-588)4002769-7</subfield>
      <subfield code="D">s</subfield>
    </datafield>
    <datafield ind1="0" ind2="2" tag="689">
      <subfield code="a">Quelle</subfield>
      <subfield code="A">f</subfield>
    </datafield>
    <datafield ind1="0" ind2=" " tag="689">
      <subfield code="5">DE-605</subfield>
    </datafield>
    <datafield ind1="1" ind2=" " tag="700">
      <subfield code="a">Richardi, Reinhard</subfield>
      <subfield code="d">1937-</subfield>
      <subfield code="e">Hrsg.</subfield>
      <subfield code="0">(DE-588)120895846</subfield>
      <subfield code="4">edt</subfield>
    </datafield>
  </record>
  <record>
    <leader>00492nam a2200169 cb4500</leader>
    <controlfield tag="001">TT001433587</controlfield>
    <controlfield tag="003">DE-605</controlfield>
    <datafield ind1=" " ind2=" " tag="035">
      <subfield code="a">(DE-599)HBZTT001433587</subfield>
    </datafield>
    <datafield ind1=" " ind2=" " tag="084">
      <subfield code="a">PF 230</subfield>
      <subfield code="2">rvk</subfield>
    </datafield>
    <datafield ind1="0" ind2="7" tag="650">
      <subfield code="a">Arbeitsrecht</subfield>
      <subfield code="0">(DE-588)4002769-7</subfield>
      <subfield code="2">gnd</subfield>
    </datafield>
    <datafield ind1=" " ind2="7" tag="651">
      <subfield code="a">Deutschland</subfield>
      <subfield code="0">(DE-588)4011882-4</subfield>
      <subfield code="2">gnd</subfield>
    </datafield>
    <datafield ind1=" " ind2="7" tag="655">
      <subfield code="a">Quelle</subfield>
      <subfield code="2">gnd</subfield>
    </datafield>
    <datafield ind1="0" ind2="0" tag="689">
      <subfield code="a">Deutschland</subfield>
      <subfield code="0">(DE-588)4011882-4</subfield>
      <subfield code="D">g</subfield>
    </datafield>
    <datafield ind1="0" ind2="1" tag="689">
      <subfield code="a">Arbeitsrecht</subfield>
      <subfield code="0">(DE-588)4002769-7</subfield>
      <subfield code="D">s</subfield>
    </datafield>
    <datafield ind1="0" ind2="2" tag="689">
      <subfield code="a">Quelle</subfield>
      <subfield code="A">f</subfield>
    </datafield>
    <datafield ind1="0" ind2=" " tag="689">
      <subfield code="5">DE-605</subfield>
    </datafield>
    <datafield ind1="1" ind2=" " tag="700">
      <subfield code="a">Richardi, Reinhard</subfield>
      <subfield code="d">1937-</subfield>
      <subfield code="e">Hrsg.</subfield>
      <subfield code="0">(DE-588)120895846</subfield>
      <subfield code="4">edt</subfield>
    </datafield>
  </record>
  <record>
    <leader>00492nam a2200169 cb4500</leader>
    <controlfield tag="001">TT001583617</controlfield>
    <controlfield tag="003">DE-605</controlfield>
    <datafield ind1=" " ind2=" " tag="035">
      <subfield code="a">(DE-599)HBZTT001583617</subfield>
    </datafield>
    <datafield ind1=" " ind2=" " tag="084">
      <subfield code="a">PF 230</subfield>
      <subfield code="2">rvk</subfield>
    </datafield>
    <datafield ind1="0" ind2="7" tag="650">
      <subfield code="a">Arbeitsrecht</subfield>
      <subfield code="0">(DE-588)4002769-7</subfield>
      <subfield code="2">gnd</subfield>
    </datafield>
    <datafield ind1=" " ind2="7" tag="651">
      <subfield code="a">Deutschland</subfield>
      <subfield code="0">(DE-588)4011882-4</subfield>
      <subfield code="2">gnd</subfield>
    </datafield>
    <datafield ind1=" " ind2="7" tag="655">
      <subfield code="a">Quelle</subfield>
      <subfield code="2">gnd</subfield>
    </datafield>
    <datafield ind1="0" ind2="0" tag="689">
      <subfield code="a">Deutschland</subfield>
      <subfield code="0">(DE-588)4011882-4</subfield>
      <subfield code="D">g</subfield>
    </datafield>
    <datafield ind1="0" ind2="1" tag="689">
      <subfield code="a">Arbeitsrecht</subfield>
      <subfield code="0">(DE-588)4002769-7</subfield>
      <subfield code="D">s</subfield>
    </datafield>
    <datafield ind1="0" ind2="2" tag="689">
      <subfield code="a">Quelle</subfield>
      <subfield code="A">f</subfield>
    </datafield>
    <datafield ind1="0" ind2=" " tag="689">
      <subfield code="5">DE-605</subfield>
    </datafield>
    <datafield ind1="1" ind2=" " tag="700">
      <subfield code="a">Richardi, Reinhard</subfield>
      <subfield code="d">1937-</subfield>
      <subfield code="e">Vorr.</subfield>
      <subfield code="0">(DE-588)120895846</subfield>
      <subfield code="4">oth</subfield>
    </datafield>
  </record>
  <record>
    <leader>00492nam a2200205 c 4500</leader>
    <controlfield tag="001">231321961</controlfield>
    <controlfield tag="003">DE-601</controlfield>
    <datafield ind1=" " ind2=" " tag="035">
      <subfield code="a">(OCoLC)75755529</subfield>
    </datafield>
    <datafield ind1=" " ind2=" " tag="035">
      <subfield code="a">(DE-599)DNB950766496</subfield>
    </datafield>
    <datafield ind1="0" ind2="0" tag="082">
      <subfield code="a">344.43/01/02632</subfield>
    </datafield>
    <datafield ind1="0" ind2="0" tag="082">
      <subfield code="a">344.304102632</subfield>
    </datafield>
    <datafield ind1=" " ind2=" " tag="084">
      <subfield code="a">R 415</subfield>
      <subfield code="2">sfb</subfield>
    </datafield>
    <datafield ind1=" " ind2=" " tag="084">
      <subfield code="a">19</subfield>
      <subfield code="a">18</subfield>
      <subfield code="2">sdnb</subfield>
    </datafield>
    <datafield ind1="2" ind2="7" tag="611">
      <subfield code="a">Quelle</subfield>
      <subfield code="2">gnd</subfield>
    </datafield>
    <datafield ind1=" " ind2="7" tag="650">
      <subfield code="a">Arbeitsrecht</subfield>
      <subfield code="2">gnd</subfield>
    </datafield>
    <datafield ind1=" " ind2="0" tag="653">
      <subfield code="a">Labor laws and legislation - Germany</subfield>
    </datafield>
    <datafield ind1="0" ind2="0" tag="689">
      <subfield code="A">s</subfield>
      <subfield code="a">Arbeitsrecht</subfield>
    </datafield>
    <datafield ind1="0" ind2="1" tag="689">
      <subfield code="A">f</subfield>
      <subfield code="a">Quelle</subfield>
    </datafield>
    <datafield ind1="0" ind2=" " tag="689">
      <subfield code="5">DE-101</subfield>
    </datafield>
    <datafield ind1="1" ind2=" " tag="700">
      <subfield code="a">Richardi, Reinhard</subfield>
      <subfield code="e">Hrsg.</subfield>
    </datafield>
  </record>