
  <record>
    <leader>00600nam a2200169 cb4500</leader>
    <controlfield tag="001">HT019227955</controlfield>
    <controlfield tag="003">DE-605</controlfield>
    <datafield ind1=" " ind2=" " tag="035">
      <subfield code="a">(DE-599)HBZHT019227955</subfield>
    </datafield>
    <datafield ind1=" " ind2=" " tag="084">
      <subfield code="a">600</subfield>
      <subfield code="2">rpb</subfield>
    </datafield>
    <datafield ind1="1" ind2=" " tag="110">
      <subfield code="a">Deutschland</subfield>
      <subfield code="e">Normerlassende Gebietskrperschaft</subfield>
      <subfield code="0">(DE-588)4011882-4</subfield>
      <subfield code="4">enj</subfield>
    </datafield>
    <datafield ind1="0" ind2="7" tag="650">
      <subfield code="a">Arbeitsrecht</subfield>
      <subfield code="0">(DE-588)4002769-7</subfield>
      <subfield code="2">gnd</subfield>
    </datafield>
    <datafield ind1=" " ind2="7" tag="651">
      <subfield code="a">Deutschland</subfield>
      <subfield code="0">(DE-588)4011882-4</subfield>
      <subfield code="2">gnd</subfield>
    </datafield>
    <datafield ind1=" " ind2="7" tag="655">
      <subfield code="0">(DE-588)4135952-5</subfield>
      <subfield code="a">Quelle</subfield>
      <subfield code="2">gnd-content</subfield>
    </datafield>
    <datafield ind1="0" ind2="0" tag="689">
      <subfield code="a">Deutschland</subfield>
      <subfield code="0">(DE-588)4011882-4</subfield>
      <subfield code="D">g</subfield>
    </datafield>
    <datafield ind1="0" ind2="1" tag="689">
      <subfield code="a">Arbeitsrecht</subfield>
      <subfield code="0">(DE-588)4002769-7</subfield>
      <subfield code="D">s</subfield>
    </datafield>
    <datafield ind1="0" ind2=" " tag="689">
      <subfield code="5">DE-605</subfield>
    </datafield>
    <datafield ind1="1" ind2=" " tag="700">
      <subfield code="a">Richardi, Reinhard</subfield>
      <subfield code="d">1937-</subfield>
      <subfield code="e">Verfasser einer Einleitung</subfield>
      <subfield code="0">(DE-588)120895846</subfield>
      <subfield code="4">win</subfield>
    </datafield>
  </record>