
  <record>
    <leader>00745cam a2200205 c 4500</leader>
    <controlfield tag="001">417220383</controlfield>
    <controlfield tag="003">DE-603</controlfield>
    <datafield ind1=" " ind2=" " tag="035">
      <subfield code="a">(DE-599)GBV896367088</subfield>
    </datafield>
    <datafield ind1=" " ind2=" " tag="035">
      <subfield code="a">(DE-603)415979935</subfield>
    </datafield>
    <datafield ind1=" " ind2=" " tag="035">
      <subfield code="a">(OCoLC)1004927029</subfield>
    </datafield>
    <datafield ind1="7" ind2=" " tag="082">
      <subfield code="a">330#DNB</subfield>
    </datafield>
    <datafield ind1="7" ind2=" " tag="082">
      <subfield code="a">340</subfield>
    </datafield>
    <datafield ind1="7" ind2=" " tag="082">
      <subfield code="a">344.43010263</subfield>
    </datafield>
    <datafield ind1=" " ind2=" " tag="084">
      <subfield code="a">340</subfield>
      <subfield code="q">DE-101</subfield>
      <subfield code="2">sdnb</subfield>
    </datafield>
    <datafield ind1=" " ind2=" " tag="084">
      <subfield code="a">PF 230</subfield>
      <subfield code="2">rvk</subfield>
    </datafield>
    <datafield ind1="2" ind2=" " tag="110">
      <subfield code="a">Deutschland</subfield>
      <subfield code="e">Normerlassende Gebietskrperschaft</subfield>
      <subfield code="4">enj</subfield>
      <subfield code="0">(DE-588)4011882-4</subfield>
      <subfield code="0">(DE-603)085025550</subfield>
    </datafield>
    <datafield ind1=" " ind2="7" tag="650">
      <subfield code="a">Arbeitsrecht</subfield>
      <subfield code="2">gnd</subfield>
      <subfield code="0">(DE-588)4002769-7</subfield>
      <subfield code="0">(DE-603)084998989</subfield>
    </datafield>
    <datafield ind1=" " ind2="7" tag="651">
      <subfield code="a">Deutschland</subfield>
      <subfield code="2">gnd</subfield>
      <subfield code="0">(DE-588)4011882-4</subfield>
      <subfield code="0">(DE-603)085025550</subfield>
    </datafield>
    <datafield ind1=" " ind2="7" tag="655">
      <subfield code="a">Quelle</subfield>
      <subfield code="2">gnd-content</subfield>
      <subfield code="0">(DE-588)4135952-5</subfield>
      <subfield code="0">(DE-603)085503576</subfield>
    </datafield>
    <datafield ind1="1" ind2=" " tag="700">
      <subfield code="a">Richardi, Reinhard</subfield>
      <subfield code="d">1937-</subfield>
      <subfield code="e">Verfasser einer Einleitung</subfield>
      <subfield code="4">win</subfield>
      <subfield code="0">(DE-588)120895846</subfield>
      <subfield code="0">(DE-603)152397981</subfield>
    </datafield>
  </record>
  <record>
    <leader>00752nam a2200181 c 4500</leader>
    <controlfield tag="001">930740793</controlfield>
    <controlfield tag="003">DE-101</controlfield>
    <datafield ind1=" " ind2=" " tag="035">
      <subfield code="a">(DE-599)DNB930740793</subfield>
    </datafield>
    <datafield ind1=" " ind2=" " tag="035">
      <subfield code="a">(OCoLC)75335742</subfield>
    </datafield>
    <datafield ind1=" " ind2=" " tag="084">
      <subfield code="a">19</subfield>
      <subfield code="a">18</subfield>
      <subfield code="a">340</subfield>
      <subfield code="a">360</subfield>
      <subfield code="q">DE-101</subfield>
      <subfield code="2">sdnb</subfield>
    </datafield>
    <datafield ind1=" " ind2=" " tag="084">
      <subfield code="a">7.11a</subfield>
      <subfield code="a">7.8c</subfield>
      <subfield code="q">DE-101</subfield>
      <subfield code="2">sswd</subfield>
    </datafield>
    <datafield ind1=" " ind2="7" tag="650">
      <subfield code="0">(DE-588)4002769-7</subfield>
      <subfield code="0">http://d-nb.info/gnd/4002769-7</subfield>
      <subfield code="0">(DE-101)040027694</subfield>
      <subfield code="a">Arbeitsrecht</subfield>
      <subfield code="2">gnd</subfield>
    </datafield>
    <datafield ind1=" " ind2="7" tag="655">
      <subfield code="0">(DE-588)4135952-5</subfield>
      <subfield code="0">http://d-nb.info/gnd/4135952-5</subfield>
      <subfield code="0">(DE-101)041359526</subfield>
      <subfield code="a">Quelle</subfield>
      <subfield code="2">gnd-content</subfield>
    </datafield>
    <datafield ind1=" " ind2="7" tag="655">
      <subfield code="a">Quelle</subfield>
      <subfield code="2">gnd</subfield>
    </datafield>
    <datafield ind1="0" ind2="0" tag="689">
      <subfield code="0">(DE-588)4002769-7</subfield>
      <subfield code="0">http://d-nb.info/gnd/4002769-7</subfield>
      <subfield code="0">(DE-101)040027694</subfield>
      <subfield code="D">s</subfield>
      <subfield code="a">Arbeitsrecht</subfield>
    </datafield>
    <datafield ind1="0" ind2="1" tag="689">
      <subfield code="A">f</subfield>
      <subfield code="a">Quelle</subfield>
    </datafield>
    <datafield ind1="0" ind2=" " tag="689">
      <subfield code="5">DE-101</subfield>
      <subfield code="5">DE-101</subfield>
    </datafield>
    <datafield ind1="1" ind2=" " tag="700">
      <subfield code="0">(DE-588)120895846</subfield>
      <subfield code="0">http://d-nb.info/gnd/120895846</subfield>
      <subfield code="0">(DE-101)120895846</subfield>
      <subfield code="a">Richardi, Reinhard</subfield>
      <subfield code="d">1937-</subfield>
      <subfield code="e">Herausgeber</subfield>
      <subfield code="4">edt</subfield>
    </datafield>
  </record>
  <record>
    <leader>00752nam a2200181 c 4500</leader>
    <controlfield tag="001">931765943</controlfield>
    <controlfield tag="003">DE-101</controlfield>
    <datafield ind1=" " ind2=" " tag="035">
      <subfield code="a">(DE-599)DNB931765943</subfield>
    </datafield>
    <datafield ind1=" " ind2=" " tag="035">
      <subfield code="a">(OCoLC)75335742</subfield>
    </datafield>
    <datafield ind1=" " ind2=" " tag="084">
      <subfield code="a">19</subfield>
      <subfield code="a">18</subfield>
      <subfield code="a">340</subfield>
      <subfield code="a">360</subfield>
      <subfield code="q">DE-101</subfield>
      <subfield code="2">sdnb</subfield>
    </datafield>
    <datafield ind1=" " ind2=" " tag="084">
      <subfield code="a">7.11a</subfield>
      <subfield code="a">7.8c</subfield>
      <subfield code="q">DE-101</subfield>
      <subfield code="2">sswd</subfield>
    </datafield>
    <datafield ind1=" " ind2="7" tag="650">
      <subfield code="0">(DE-588)4002769-7</subfield>
      <subfield code="0">http://d-nb.info/gnd/4002769-7</subfield>
      <subfield code="0">(DE-101)040027694</subfield>
      <subfield code="a">Arbeitsrecht</subfield>
      <subfield code="2">gnd</subfield>
    </datafield>
    <datafield ind1=" " ind2="7" tag="655">
      <subfield code="0">(DE-588)4135952-5</subfield>
      <subfield code="0">http://d-nb.info/gnd/4135952-5</subfield>
      <subfield code="0">(DE-101)041359526</subfield>
      <subfield code="a">Quelle</subfield>
      <subfield code="2">gnd-content</subfield>
    </datafield>
    <datafield ind1=" " ind2="7" tag="655">
      <subfield code="a">Quelle</subfield>
      <subfield code="2">gnd</subfield>
    </datafield>
    <datafield ind1="0" ind2="0" tag="689">
      <subfield code="0">(DE-588)4002769-7</subfield>
      <subfield code="0">http://d-nb.info/gnd/4002769-7</subfield>
      <subfield code="0">(DE-101)040027694</subfield>
      <subfield code="D">s</subfield>
      <subfield code="a">Arbeitsrecht</subfield>
    </datafield>
    <datafield ind1="0" ind2="1" tag="689">
      <subfield code="A">f</subfield>
      <subfield code="a">Quelle</subfield>
    </datafield>
    <datafield ind1="0" ind2=" " tag="689">
      <subfield code="5">DE-101</subfield>
      <subfield code="5">DE-101</subfield>
    </datafield>
    <datafield ind1="1" ind2=" " tag="700">
      <subfield code="0">(DE-588)120895846</subfield>
      <subfield code="0">http://d-nb.info/gnd/120895846</subfield>
      <subfield code="0">(DE-101)120895846</subfield>
      <subfield code="a">Richardi, Reinhard</subfield>
      <subfield code="d">1937-</subfield>
      <subfield code="e">Herausgeber</subfield>
      <subfield code="4">edt</subfield>
    </datafield>
  </record>
  <record>
    <leader>00752nam a2200181 c 4500</leader>
    <controlfield tag="001">94349480X</controlfield>
    <controlfield tag="003">DE-101</controlfield>
    <datafield ind1=" " ind2=" " tag="035">
      <subfield code="a">(DE-599)DNB94349480X</subfield>
    </datafield>
    <datafield ind1=" " ind2=" " tag="035">
      <subfield code="a">(OCoLC)75584800</subfield>
    </datafield>
    <datafield ind1=" " ind2=" " tag="084">
      <subfield code="a">19</subfield>
      <subfield code="a">18</subfield>
      <subfield code="a">340</subfield>
      <subfield code="a">360</subfield>
      <subfield code="q">DE-101</subfield>
      <subfield code="2">sdnb</subfield>
    </datafield>
    <datafield ind1=" " ind2=" " tag="084">
      <subfield code="a">7.11a</subfield>
      <subfield code="a">7.8c</subfield>
      <subfield code="q">DE-101</subfield>
      <subfield code="2">sswd</subfield>
    </datafield>
    <datafield ind1=" " ind2="7" tag="650">
      <subfield code="0">(DE-588)4002769-7</subfield>
      <subfield code="0">http://d-nb.info/gnd/4002769-7</subfield>
      <subfield code="0">(DE-101)040027694</subfield>
      <subfield code="a">Arbeitsrecht</subfield>
      <subfield code="2">gnd</subfield>
    </datafield>
    <datafield ind1=" " ind2="7" tag="655">
      <subfield code="0">(DE-588)4135952-5</subfield>
      <subfield code="0">http://d-nb.info/gnd/4135952-5</subfield>
      <subfield code="0">(DE-101)041359526</subfield>
      <subfield code="a">Quelle</subfield>
      <subfield code="2">gnd-content</subfield>
    </datafield>
    <datafield ind1=" " ind2="7" tag="655">
      <subfield code="a">Quelle</subfield>
      <subfield code="2">gnd</subfield>
    </datafield>
    <datafield ind1="0" ind2="0" tag="689">
      <subfield code="0">(DE-588)4002769-7</subfield>
      <subfield code="0">http://d-nb.info/gnd/4002769-7</subfield>
      <subfield code="0">(DE-101)040027694</subfield>
      <subfield code="D">s</subfield>
      <subfield code="a">Arbeitsrecht</subfield>
    </datafield>
    <datafield ind1="0" ind2="1" tag="689">
      <subfield code="A">f</subfield>
      <subfield code="a">Quelle</subfield>
    </datafield>
    <datafield ind1="0" ind2=" " tag="689">
      <subfield code="5">DE-101</subfield>
      <subfield code="5">DE-101</subfield>
    </datafield>
    <datafield ind1="1" ind2=" " tag="700">
      <subfield code="0">(DE-588)120895846</subfield>
      <subfield code="0">http://d-nb.info/gnd/120895846</subfield>
      <subfield code="0">(DE-101)120895846</subfield>
      <subfield code="a">Richardi, Reinhard</subfield>
      <subfield code="d">1937-</subfield>
      <subfield code="e">Herausgeber</subfield>
      <subfield code="4">edt</subfield>
    </datafield>
  </record>
  <record>
    <leader>00752nam a2200181 c 4500</leader>
    <controlfield tag="001">944063977</controlfield>
    <controlfield tag="003">DE-101</controlfield>
    <datafield ind1=" " ind2=" " tag="035">
      <subfield code="a">(DE-599)DNB944063977</subfield>
    </datafield>
    <datafield ind1=" " ind2=" " tag="035">
      <subfield code="a">(OCoLC)75531822</subfield>
    </datafield>
    <datafield ind1=" " ind2=" " tag="084">
      <subfield code="a">19</subfield>
      <subfield code="a">18</subfield>
      <subfield code="a">340</subfield>
      <subfield code="a">360</subfield>
      <subfield code="q">DE-101</subfield>
      <subfield code="2">sdnb</subfield>
    </datafield>
    <datafield ind1=" " ind2=" " tag="084">
      <subfield code="a">7.11a</subfield>
      <subfield code="a">7.8c</subfield>
      <subfield code="q">DE-101</subfield>
      <subfield code="2">sswd</subfield>
    </datafield>
    <datafield ind1=" " ind2="7" tag="650">
      <subfield code="0">(DE-588)4002769-7</subfield>
      <subfield code="0">http://d-nb.info/gnd/4002769-7</subfield>
      <subfield code="0">(DE-101)040027694</subfield>
      <subfield code="a">Arbeitsrecht</subfield>
      <subfield code="2">gnd</subfield>
    </datafield>
    <datafield ind1=" " ind2="7" tag="655">
      <subfield code="0">(DE-588)4135952-5</subfield>
      <subfield code="0">http://d-nb.info/gnd/4135952-5</subfield>
      <subfield code="0">(DE-101)041359526</subfield>
      <subfield code="a">Quelle</subfield>
      <subfield code="2">gnd-content</subfield>
    </datafield>
    <datafield ind1=" " ind2="7" tag="655">
      <subfield code="a">Quelle</subfield>
      <subfield code="2">gnd</subfield>
    </datafield>
    <datafield ind1="0" ind2="0" tag="689">
      <subfield code="0">(DE-588)4002769-7</subfield>
      <subfield code="0">http://d-nb.info/gnd/4002769-7</subfield>
      <subfield code="0">(DE-101)040027694</subfield>
      <subfield code="D">s</subfield>
      <subfield code="a">Arbeitsrecht</subfield>
    </datafield>
    <datafield ind1="0" ind2="1" tag="689">
      <subfield code="A">f</subfield>
      <subfield code="a">Quelle</subfield>
    </datafield>
    <datafield ind1="0" ind2=" " tag="689">
      <subfield code="5">DE-101</subfield>
      <subfield code="5">DE-101</subfield>
    </datafield>
    <datafield ind1="1" ind2=" " tag="700">
      <subfield code="0">(DE-588)120895846</subfield>
      <subfield code="0">http://d-nb.info/gnd/120895846</subfield>
      <subfield code="0">(DE-101)120895846</subfield>
      <subfield code="a">Richardi, Reinhard</subfield>
      <subfield code="d">1937-</subfield>
      <subfield code="e">Herausgeber</subfield>
      <subfield code="4">edt</subfield>
    </datafield>
  </record>
  <record>
    <leader>00752nam a2200181 c 4500</leader>
    <controlfield tag="001">94620909X</controlfield>
    <controlfield tag="003">DE-101</controlfield>
    <datafield ind1=" " ind2=" " tag="035">
      <subfield code="a">(DE-599)DNB94620909X</subfield>
    </datafield>
    <datafield ind1=" " ind2=" " tag="035">
      <subfield code="a">(OCoLC)75531822</subfield>
    </datafield>
    <datafield ind1=" " ind2=" " tag="084">
      <subfield code="a">19</subfield>
      <subfield code="a">18</subfield>
      <subfield code="a">340</subfield>
      <subfield code="a">360</subfield>
      <subfield code="q">DE-101</subfield>
      <subfield code="2">sdnb</subfield>
    </datafield>
    <datafield ind1=" " ind2=" " tag="084">
      <subfield code="a">7.11a</subfield>
      <subfield code="a">7.8c</subfield>
      <subfield code="q">DE-101</subfield>
      <subfield code="2">sswd</subfield>
    </datafield>
    <datafield ind1=" " ind2="7" tag="650">
      <subfield code="0">(DE-588)4002769-7</subfield>
      <subfield code="0">http://d-nb.info/gnd/4002769-7</subfield>
      <subfield code="0">(DE-101)040027694</subfield>
      <subfield code="a">Arbeitsrecht</subfield>
      <subfield code="2">gnd</subfield>
    </datafield>
    <datafield ind1=" " ind2="7" tag="655">
      <subfield code="0">(DE-588)4135952-5</subfield>
      <subfield code="0">http://d-nb.info/gnd/4135952-5</subfield>
      <subfield code="0">(DE-101)041359526</subfield>
      <subfield code="a">Quelle</subfield>
      <subfield code="2">gnd-content</subfield>
    </datafield>
    <datafield ind1=" " ind2="7" tag="655">
      <subfield code="a">Quelle</subfield>
      <subfield code="2">gnd</subfield>
    </datafield>
    <datafield ind1="0" ind2="0" tag="689">
      <subfield code="0">(DE-588)4002769-7</subfield>
      <subfield code="0">http://d-nb.info/gnd/4002769-7</subfield>
      <subfield code="0">(DE-101)040027694</subfield>
      <subfield code="D">s</subfield>
      <subfield code="a">Arbeitsrecht</subfield>
    </datafield>
    <datafield ind1="0" ind2="1" tag="689">
      <subfield code="A">f</subfield>
      <subfield code="a">Quelle</subfield>
    </datafield>
    <datafield ind1="0" ind2=" " tag="689">
      <subfield code="5">DE-101</subfield>
      <subfield code="5">DE-101</subfield>
    </datafield>
    <datafield ind1="1" ind2=" " tag="700">
      <subfield code="0">(DE-588)120895846</subfield>
      <subfield code="0">http://d-nb.info/gnd/120895846</subfield>
      <subfield code="0">(DE-101)120895846</subfield>
      <subfield code="a">Richardi, Reinhard</subfield>
      <subfield code="d">1937-</subfield>
      <subfield code="e">Herausgeber</subfield>
      <subfield code="4">edt</subfield>
    </datafield>
  </record>
  <record>
    <leader>00752nam a2200181 c 4500</leader>
    <controlfield tag="001">95015539X</controlfield>
    <controlfield tag="003">DE-101</controlfield>
    <datafield ind1=" " ind2=" " tag="035">
      <subfield code="a">(DE-599)DNB95015539X</subfield>
    </datafield>
    <datafield ind1=" " ind2=" " tag="035">
      <subfield code="a">(OCoLC)75947777</subfield>
    </datafield>
    <datafield ind1=" " ind2=" " tag="084">
      <subfield code="a">19</subfield>
      <subfield code="a">18</subfield>
      <subfield code="a">340</subfield>
      <subfield code="a">360</subfield>
      <subfield code="q">DE-101</subfield>
      <subfield code="2">sdnb</subfield>
    </datafield>
    <datafield ind1=" " ind2=" " tag="084">
      <subfield code="a">7.11a</subfield>
      <subfield code="a">7.8c</subfield>
      <subfield code="q">DE-101</subfield>
      <subfield code="2">sswd</subfield>
    </datafield>
    <datafield ind1=" " ind2="7" tag="650">
      <subfield code="0">(DE-588)4002769-7</subfield>
      <subfield code="0">http://d-nb.info/gnd/4002769-7</subfield>
      <subfield code="0">(DE-101)040027694</subfield>
      <subfield code="a">Arbeitsrecht</subfield>
      <subfield code="2">gnd</subfield>
    </datafield>
    <datafield ind1=" " ind2="7" tag="655">
      <subfield code="0">(DE-588)4135952-5</subfield>
      <subfield code="0">http://d-nb.info/gnd/4135952-5</subfield>
      <subfield code="0">(DE-101)041359526</subfield>
      <subfield code="a">Quelle</subfield>
      <subfield code="2">gnd-content</subfield>
    </datafield>
    <datafield ind1=" " ind2="7" tag="655">
      <subfield code="a">Quelle</subfield>
      <subfield code="2">gnd</subfield>
    </datafield>
    <datafield ind1="0" ind2="0" tag="689">
      <subfield code="0">(DE-588)4002769-7</subfield>
      <subfield code="0">http://d-nb.info/gnd/4002769-7</subfield>
      <subfield code="0">(DE-101)040027694</subfield>
      <subfield code="D">s</subfield>
      <subfield code="a">Arbeitsrecht</subfield>
    </datafield>
    <datafield ind1="0" ind2="1" tag="689">
      <subfield code="A">f</subfield>
      <subfield code="a">Quelle</subfield>
    </datafield>
    <datafield ind1="0" ind2=" " tag="689">
      <subfield code="5">DE-101</subfield>
      <subfield code="5">DE-101</subfield>
    </datafield>
    <datafield ind1="1" ind2=" " tag="700">
      <subfield code="0">(DE-588)120895846</subfield>
      <subfield code="0">http://d-nb.info/gnd/120895846</subfield>
      <subfield code="0">(DE-101)120895846</subfield>
      <subfield code="a">Richardi, Reinhard</subfield>
      <subfield code="d">1937-</subfield>
      <subfield code="e">Herausgeber</subfield>
      <subfield code="4">edt</subfield>
    </datafield>
  </record>
  <record>
    <leader>00752nam a2200181 c 4500</leader>
    <controlfield tag="001">950766496</controlfield>
    <controlfield tag="003">DE-101</controlfield>
    <datafield ind1=" " ind2=" " tag="035">
      <subfield code="a">(DE-599)DNB950766496</subfield>
    </datafield>
    <datafield ind1=" " ind2=" " tag="035">
      <subfield code="a">(OCoLC)75755529</subfield>
    </datafield>
    <datafield ind1=" " ind2=" " tag="084">
      <subfield code="a">19</subfield>
      <subfield code="a">18</subfield>
      <subfield code="a">340</subfield>
      <subfield code="a">360</subfield>
      <subfield code="q">DE-101</subfield>
      <subfield code="2">sdnb</subfield>
    </datafield>
    <datafield ind1=" " ind2=" " tag="084">
      <subfield code="a">7.11a</subfield>
      <subfield code="a">7.8c</subfield>
      <subfield code="q">DE-101</subfield>
      <subfield code="2">sswd</subfield>
    </datafield>
    <datafield ind1=" " ind2="7" tag="650">
      <subfield code="0">(DE-588)4002769-7</subfield>
      <subfield code="0">http://d-nb.info/gnd/4002769-7</subfield>
      <subfield code="0">(DE-101)040027694</subfield>
      <subfield code="a">Arbeitsrecht</subfield>
      <subfield code="2">gnd</subfield>
    </datafield>
    <datafield ind1=" " ind2="7" tag="655">
      <subfield code="0">(DE-588)4135952-5</subfield>
      <subfield code="0">http://d-nb.info/gnd/4135952-5</subfield>
      <subfield code="0">(DE-101)041359526</subfield>
      <subfield code="a">Quelle</subfield>
      <subfield code="2">gnd-content</subfield>
    </datafield>
    <datafield ind1=" " ind2="7" tag="655">
      <subfield code="a">Quelle</subfield>
      <subfield code="2">gnd</subfield>
    </datafield>
    <datafield ind1="0" ind2="0" tag="689">
      <subfield code="0">(DE-588)4002769-7</subfield>
      <subfield code="0">http://d-nb.info/gnd/4002769-7</subfield>
      <subfield code="0">(DE-101)040027694</subfield>
      <subfield code="D">s</subfield>
      <subfield code="a">Arbeitsrecht</subfield>
    </datafield>
    <datafield ind1="0" ind2="1" tag="689">
      <subfield code="A">f</subfield>
      <subfield code="a">Quelle</subfield>
    </datafield>
    <datafield ind1="0" ind2=" " tag="689">
      <subfield code="5">DE-101</subfield>
      <subfield code="5">DE-101</subfield>
    </datafield>
    <datafield ind1="1" ind2=" " tag="700">
      <subfield code="0">(DE-588)120895846</subfield>
      <subfield code="0">http://d-nb.info/gnd/120895846</subfield>
      <subfield code="0">(DE-101)120895846</subfield>
      <subfield code="a">Richardi, Reinhard</subfield>
      <subfield code="d">1937-</subfield>
      <subfield code="e">Herausgeber</subfield>
      <subfield code="4">edt</subfield>
    </datafield>
  </record>
  <record>
    <leader>00752nam a2200181 c 4500</leader>
    <controlfield tag="001">95245971X</controlfield>
    <controlfield tag="003">DE-101</controlfield>
    <datafield ind1=" " ind2=" " tag="035">
      <subfield code="a">(DE-599)DNB95245971X</subfield>
    </datafield>
    <datafield ind1=" " ind2=" " tag="035">
      <subfield code="a">(OCoLC)75837314</subfield>
    </datafield>
    <datafield ind1=" " ind2=" " tag="084">
      <subfield code="a">19</subfield>
      <subfield code="a">18</subfield>
      <subfield code="a">340</subfield>
      <subfield code="a">360</subfield>
      <subfield code="q">DE-101</subfield>
      <subfield code="2">sdnb</subfield>
    </datafield>
    <datafield ind1=" " ind2=" " tag="084">
      <subfield code="a">7.11a</subfield>
      <subfield code="a">7.8c</subfield>
      <subfield code="q">DE-101</subfield>
      <subfield code="2">sswd</subfield>
    </datafield>
    <datafield ind1=" " ind2="7" tag="650">
      <subfield code="0">(DE-588)4002769-7</subfield>
      <subfield code="0">http://d-nb.info/gnd/4002769-7</subfield>
      <subfield code="0">(DE-101)040027694</subfield>
      <subfield code="a">Arbeitsrecht</subfield>
      <subfield code="2">gnd</subfield>
    </datafield>
    <datafield ind1=" " ind2="7" tag="655">
      <subfield code="0">(DE-588)4135952-5</subfield>
      <subfield code="0">http://d-nb.info/gnd/4135952-5</subfield>
      <subfield code="0">(DE-101)041359526</subfield>
      <subfield code="a">Quelle</subfield>
      <subfield code="2">gnd-content</subfield>
    </datafield>
    <datafield ind1=" " ind2="7" tag="655">
      <subfield code="a">Quelle</subfield>
      <subfield code="2">gnd</subfield>
    </datafield>
    <datafield ind1="0" ind2="0" tag="689">
      <subfield code="0">(DE-588)4002769-7</subfield>
      <subfield code="0">http://d-nb.info/gnd/4002769-7</subfield>
      <subfield code="0">(DE-101)040027694</subfield>
      <subfield code="D">s</subfield>
      <subfield code="a">Arbeitsrecht</subfield>
    </datafield>
    <datafield ind1="0" ind2="1" tag="689">
      <subfield code="A">f</subfield>
      <subfield code="a">Quelle</subfield>
    </datafield>
    <datafield ind1="0" ind2=" " tag="689">
      <subfield code="5">DE-101</subfield>
      <subfield code="5">DE-101</subfield>
    </datafield>
    <datafield ind1="1" ind2=" " tag="700">
      <subfield code="0">(DE-588)120895846</subfield>
      <subfield code="0">http://d-nb.info/gnd/120895846</subfield>
      <subfield code="0">(DE-101)120895846</subfield>
      <subfield code="a">Richardi, Reinhard</subfield>
      <subfield code="d">1937-</subfield>
      <subfield code="e">Herausgeber</subfield>
      <subfield code="4">edt</subfield>
    </datafield>
  </record>
  <record>
    <leader>00752nam a2200181 c 4500</leader>
    <controlfield tag="001">953539237</controlfield>
    <controlfield tag="003">DE-101</controlfield>
    <datafield ind1=" " ind2=" " tag="035">
      <subfield code="a">(DE-599)DNB953539237</subfield>
    </datafield>
    <datafield ind1=" " ind2=" " tag="035">
      <subfield code="a">(OCoLC)75938805</subfield>
    </datafield>
    <datafield ind1=" " ind2=" " tag="084">
      <subfield code="a">19</subfield>
      <subfield code="a">18</subfield>
      <subfield code="a">340</subfield>
      <subfield code="a">360</subfield>
      <subfield code="q">DE-101</subfield>
      <subfield code="2">sdnb</subfield>
    </datafield>
    <datafield ind1=" " ind2=" " tag="084">
      <subfield code="a">7.11a</subfield>
      <subfield code="a">7.8c</subfield>
      <subfield code="q">DE-101</subfield>
      <subfield code="2">sswd</subfield>
    </datafield>
    <datafield ind1=" " ind2="7" tag="650">
      <subfield code="0">(DE-588)4002769-7</subfield>
      <subfield code="0">http://d-nb.info/gnd/4002769-7</subfield>
      <subfield code="0">(DE-101)040027694</subfield>
      <subfield code="a">Arbeitsrecht</subfield>
      <subfield code="2">gnd</subfield>
    </datafield>
    <datafield ind1=" " ind2="7" tag="655">
      <subfield code="0">(DE-588)4135952-5</subfield>
      <subfield code="0">http://d-nb.info/gnd/4135952-5</subfield>
      <subfield code="0">(DE-101)041359526</subfield>
      <subfield code="a">Quelle</subfield>
      <subfield code="2">gnd-content</subfield>
    </datafield>
    <datafield ind1=" " ind2="7" tag="655">
      <subfield code="a">Quelle</subfield>
      <subfield code="2">gnd</subfield>
    </datafield>
    <datafield ind1="0" ind2="0" tag="689">
      <subfield code="0">(DE-588)4002769-7</subfield>
      <subfield code="0">http://d-nb.info/gnd/4002769-7</subfield>
      <subfield code="0">(DE-101)040027694</subfield>
      <subfield code="D">s</subfield>
      <subfield code="a">Arbeitsrecht</subfield>
    </datafield>
    <datafield ind1="0" ind2="1" tag="689">
      <subfield code="A">f</subfield>
      <subfield code="a">Quelle</subfield>
    </datafield>
    <datafield ind1="0" ind2=" " tag="689">
      <subfield code="5">DE-101</subfield>
      <subfield code="5">DE-101</subfield>
    </datafield>
    <datafield ind1="1" ind2=" " tag="700">
      <subfield code="0">(DE-588)120895846</subfield>
      <subfield code="0">http://d-nb.info/gnd/120895846</subfield>
      <subfield code="0">(DE-101)120895846</subfield>
      <subfield code="a">Richardi, Reinhard</subfield>
      <subfield code="d">1937-</subfield>
      <subfield code="e">Herausgeber</subfield>
      <subfield code="4">edt</subfield>
    </datafield>
  </record>
  <record>
    <leader>00753nam a2200181 c 4500</leader>
    <controlfield tag="001">920805760</controlfield>
    <controlfield tag="003">DE-101</controlfield>
    <datafield ind1=" " ind2=" " tag="035">
      <subfield code="a">(DE-599)DNB920805760</subfield>
    </datafield>
    <datafield ind1=" " ind2=" " tag="035">
      <subfield code="a">(OCoLC)214322569</subfield>
    </datafield>
    <datafield ind1=" " ind2=" " tag="084">
      <subfield code="a">19</subfield>
      <subfield code="a">18</subfield>
      <subfield code="a">340</subfield>
      <subfield code="a">360</subfield>
      <subfield code="q">DE-101</subfield>
      <subfield code="2">sdnb</subfield>
    </datafield>
    <datafield ind1=" " ind2=" " tag="084">
      <subfield code="a">7.11a</subfield>
      <subfield code="a">7.8c</subfield>
      <subfield code="q">DE-101</subfield>
      <subfield code="2">sswd</subfield>
    </datafield>
    <datafield ind1=" " ind2="7" tag="650">
      <subfield code="0">(DE-588)4002769-7</subfield>
      <subfield code="0">http://d-nb.info/gnd/4002769-7</subfield>
      <subfield code="0">(DE-101)040027694</subfield>
      <subfield code="a">Arbeitsrecht</subfield>
      <subfield code="2">gnd</subfield>
    </datafield>
    <datafield ind1=" " ind2="7" tag="655">
      <subfield code="0">(DE-588)4135952-5</subfield>
      <subfield code="0">http://d-nb.info/gnd/4135952-5</subfield>
      <subfield code="0">(DE-101)041359526</subfield>
      <subfield code="a">Quelle</subfield>
      <subfield code="2">gnd-content</subfield>
    </datafield>
    <datafield ind1=" " ind2="7" tag="655">
      <subfield code="a">Quelle</subfield>
      <subfield code="2">gnd</subfield>
    </datafield>
    <datafield ind1="0" ind2="0" tag="689">
      <subfield code="0">(DE-588)4002769-7</subfield>
      <subfield code="0">http://d-nb.info/gnd/4002769-7</subfield>
      <subfield code="0">(DE-101)040027694</subfield>
      <subfield code="D">s</subfield>
      <subfield code="a">Arbeitsrecht</subfield>
    </datafield>
    <datafield ind1="0" ind2="1" tag="689">
      <subfield code="A">f</subfield>
      <subfield code="a">Quelle</subfield>
    </datafield>
    <datafield ind1="0" ind2=" " tag="689">
      <subfield code="5">DE-101</subfield>
      <subfield code="5">DE-101</subfield>
    </datafield>
    <datafield ind1="1" ind2=" " tag="700">
      <subfield code="0">(DE-588)120895846</subfield>
      <subfield code="0">http://d-nb.info/gnd/120895846</subfield>
      <subfield code="0">(DE-101)120895846</subfield>
      <subfield code="a">Richardi, Reinhard</subfield>
      <subfield code="d">1937-</subfield>
      <subfield code="e">Herausgeber</subfield>
      <subfield code="4">edt</subfield>
    </datafield>
  </record>
  <record>
    <leader>00753nam a2200181 c 4500</leader>
    <controlfield tag="001">949177830</controlfield>
    <controlfield tag="003">DE-101</controlfield>
    <datafield ind1=" " ind2=" " tag="035">
      <subfield code="a">(DE-599)DNB949177830</subfield>
    </datafield>
    <datafield ind1=" " ind2=" " tag="035">
      <subfield code="a">(OCoLC)164850087</subfield>
    </datafield>
    <datafield ind1=" " ind2=" " tag="084">
      <subfield code="a">19</subfield>
      <subfield code="a">18</subfield>
      <subfield code="a">340</subfield>
      <subfield code="a">360</subfield>
      <subfield code="q">DE-101</subfield>
      <subfield code="2">sdnb</subfield>
    </datafield>
    <datafield ind1=" " ind2=" " tag="084">
      <subfield code="a">7.11a</subfield>
      <subfield code="a">7.8c</subfield>
      <subfield code="q">DE-101</subfield>
      <subfield code="2">sswd</subfield>
    </datafield>
    <datafield ind1=" " ind2="7" tag="650">
      <subfield code="0">(DE-588)4002769-7</subfield>
      <subfield code="0">http://d-nb.info/gnd/4002769-7</subfield>
      <subfield code="0">(DE-101)040027694</subfield>
      <subfield code="a">Arbeitsrecht</subfield>
      <subfield code="2">gnd</subfield>
    </datafield>
    <datafield ind1=" " ind2="7" tag="655">
      <subfield code="0">(DE-588)4135952-5</subfield>
      <subfield code="0">http://d-nb.info/gnd/4135952-5</subfield>
      <subfield code="0">(DE-101)041359526</subfield>
      <subfield code="a">Quelle</subfield>
      <subfield code="2">gnd-content</subfield>
    </datafield>
    <datafield ind1=" " ind2="7" tag="655">
      <subfield code="a">Quelle</subfield>
      <subfield code="2">gnd</subfield>
    </datafield>
    <datafield ind1="0" ind2="0" tag="689">
      <subfield code="0">(DE-588)4002769-7</subfield>
      <subfield code="0">http://d-nb.info/gnd/4002769-7</subfield>
      <subfield code="0">(DE-101)040027694</subfield>
      <subfield code="D">s</subfield>
      <subfield code="a">Arbeitsrecht</subfield>
    </datafield>
    <datafield ind1="0" ind2="1" tag="689">
      <subfield code="A">f</subfield>
      <subfield code="a">Quelle</subfield>
    </datafield>
    <datafield ind1="0" ind2=" " tag="689">
      <subfield code="5">DE-101</subfield>
      <subfield code="5">DE-101</subfield>
    </datafield>
    <datafield ind1="1" ind2=" " tag="700">
      <subfield code="0">(DE-588)120895846</subfield>
      <subfield code="0">http://d-nb.info/gnd/120895846</subfield>
      <subfield code="0">(DE-101)120895846</subfield>
      <subfield code="a">Richardi, Reinhard</subfield>
      <subfield code="d">1937-</subfield>
      <subfield code="e">Herausgeber</subfield>
      <subfield code="4">edt</subfield>
    </datafield>
  </record>