
  <record>
    <leader>00800nam a2200169 cb4500</leader>
    <controlfield tag="001">HT019791498</controlfield>
    <controlfield tag="003">DE-605</controlfield>
    <datafield ind1=" " ind2=" " tag="035">
      <subfield code="a">(DE-599)HBZHT019791498</subfield>
    </datafield>
    <datafield ind1="0" ind2=" " tag="130">
      <subfield code="a">Arbeitsgesetze mit den wichtigsten Bestimmungen zum Arbeitsverhltnis, Kndigungsrecht, Arbeitsschutzrecht, Berufsbildungsrecht, Tarifrecht, Betriebsverfassungsrecht, Mitbestimmungsrecht und Verfahrensrecht</subfield>
    </datafield>
    <datafield ind1="0" ind2="7" tag="650">
      <subfield code="a">Arbeitsrecht</subfield>
      <subfield code="0">(DE-588)4002769-7</subfield>
      <subfield code="2">gnd</subfield>
    </datafield>
    <datafield ind1=" " ind2="7" tag="651">
      <subfield code="a">Deutschland</subfield>
      <subfield code="0">(DE-588)4011882-4</subfield>
      <subfield code="2">gnd</subfield>
    </datafield>
    <datafield ind1=" " ind2="7" tag="655">
      <subfield code="0">(DE-588)4135952-5</subfield>
      <subfield code="a">Quelle</subfield>
      <subfield code="2">gnd-content</subfield>
    </datafield>
    <datafield ind1="0" ind2="0" tag="689">
      <subfield code="a">Deutschland</subfield>
      <subfield code="0">(DE-588)4011882-4</subfield>
      <subfield code="D">g</subfield>
    </datafield>
    <datafield ind1="0" ind2="1" tag="689">
      <subfield code="a">Arbeitsrecht</subfield>
      <subfield code="0">(DE-588)4002769-7</subfield>
      <subfield code="D">s</subfield>
    </datafield>
    <datafield ind1="0" ind2=" " tag="689">
      <subfield code="5">DE-605</subfield>
    </datafield>
    <datafield ind1="1" ind2=" " tag="700">
      <subfield code="a">Richardi, Reinhard</subfield>
      <subfield code="d">1937-</subfield>
      <subfield code="e">Verfasser einer Einleitung</subfield>
      <subfield code="0">(DE-588)120895846</subfield>
      <subfield code="4">win</subfield>
    </datafield>
    <datafield ind1="1" ind2=" " tag="710">
      <subfield code="a">Deutschland</subfield>
      <subfield code="e">Normerlassende Gebietskrperschaft</subfield>
      <subfield code="0">(DE-588)4011882-4</subfield>
      <subfield code="4">enj</subfield>
    </datafield>
  </record>
  <record>
    <leader>00809nam a2200229 c 4500</leader>
    <controlfield tag="001">1030008922</controlfield>
    <controlfield tag="003">DE-601</controlfield>
    <datafield ind1=" " ind2=" " tag="035">
      <subfield code="a">(OCoLC)1026972894</subfield>
    </datafield>
    <datafield ind1=" " ind2=" " tag="035">
      <subfield code="a">(DE-599)GBV1030008922</subfield>
    </datafield>
    <datafield ind1="0" ind2="0" tag="082">
      <subfield code="a">330#DNB</subfield>
    </datafield>
    <datafield ind1="0" ind2="0" tag="082">
      <subfield code="a">344.43010263</subfield>
    </datafield>
    <datafield ind1="0" ind2="0" tag="082">
      <subfield code="a">340</subfield>
    </datafield>
    <datafield ind1=" " ind2=" " tag="084">
      <subfield code="a">340</subfield>
      <subfield code="2">sdnb</subfield>
    </datafield>
    <datafield ind1=" " ind2=" " tag="084">
      <subfield code="a">86.74</subfield>
      <subfield code="9">Arbeitsrecht: Allgemeines</subfield>
      <subfield code="2">bkl</subfield>
    </datafield>
    <datafield ind1=" " ind2=" " tag="084">
      <subfield code="a">PF 230</subfield>
      <subfield code="2">rvk</subfield>
    </datafield>
    <datafield ind1=" " ind2="7" tag="650">
      <subfield code="0">(DE-601)106392085</subfield>
      <subfield code="0">(DE-588)4002769-7</subfield>
      <subfield code="a">Arbeitsrecht</subfield>
      <subfield code="2">gnd</subfield>
    </datafield>
    <datafield ind1=" " ind2="7" tag="651">
      <subfield code="0">(DE-601)104704861</subfield>
      <subfield code="0">(DE-588)4011882-4</subfield>
      <subfield code="a">Deutschland</subfield>
      <subfield code="2">gnd</subfield>
    </datafield>
    <datafield ind1="0" ind2="7" tag="655">
      <subfield code="0">(DE-588)4135952-5</subfield>
      <subfield code="a">Quelle</subfield>
      <subfield code="2">gnd-content</subfield>
    </datafield>
    <datafield ind1="0" ind2="0" tag="689">
      <subfield code="0">(DE-601)104704861</subfield>
      <subfield code="0">(DE-588)4011882-4</subfield>
      <subfield code="D">g</subfield>
      <subfield code="a">Deutschland</subfield>
    </datafield>
    <datafield ind1="0" ind2="1" tag="689">
      <subfield code="0">(DE-601)106392085</subfield>
      <subfield code="0">(DE-588)4002769-7</subfield>
      <subfield code="D">s</subfield>
      <subfield code="a">Arbeitsrecht</subfield>
    </datafield>
    <datafield ind1="0" ind2=" " tag="689">
      <subfield code="5">DE-101</subfield>
    </datafield>
    <datafield ind1="1" ind2=" " tag="700">
      <subfield code="a">Richardi, Reinhard</subfield>
      <subfield code="e">HerausgeberIn</subfield>
      <subfield code="4">edt</subfield>
      <subfield code="e">VerfasserIn einer Einleitung</subfield>
      <subfield code="4">win</subfield>
      <subfield code="0">(DE-601)080953956</subfield>
      <subfield code="0">(DE-588)120895846</subfield>
    </datafield>
  </record>
  <record>
    <leader>00809nam a2200253 c 4500</leader>
    <controlfield tag="001">593044681</controlfield>
    <controlfield tag="003">DE-601</controlfield>
    <datafield ind1=" " ind2=" " tag="035">
      <subfield code="a">(OCoLC)552116205</subfield>
    </datafield>
    <datafield ind1=" " ind2=" " tag="035">
      <subfield code="a">(DE-599)GBV593044681</subfield>
    </datafield>
    <datafield ind1="0" ind2="0" tag="082">
      <subfield code="a">344.304102632</subfield>
    </datafield>
    <datafield ind1="0" ind2="0" tag="082">
      <subfield code="a">344.430102632</subfield>
    </datafield>
    <datafield ind1="0" ind2="9" tag="082">
      <subfield code="a">340</subfield>
    </datafield>
    <datafield ind1=" " ind2=" " tag="084">
      <subfield code="a">340</subfield>
      <subfield code="2">sdnb</subfield>
    </datafield>
    <datafield ind1=" " ind2=" " tag="084">
      <subfield code="a">86.74</subfield>
      <subfield code="9">Arbeitsrecht: Allgemeines</subfield>
      <subfield code="2">bkl</subfield>
    </datafield>
    <datafield ind1=" " ind2=" " tag="084">
      <subfield code="a">PF 230</subfield>
      <subfield code="2">rvk</subfield>
    </datafield>
    <datafield ind1="2" ind2="7" tag="611">
      <subfield code="a">Quelle</subfield>
      <subfield code="2">gnd</subfield>
    </datafield>
    <datafield ind1=" " ind2="7" tag="650">
      <subfield code="0">(DE-601)106392085</subfield>
      <subfield code="0">(DE-588)4002769-7</subfield>
      <subfield code="a">Arbeitsrecht</subfield>
      <subfield code="2">gnd</subfield>
    </datafield>
    <datafield ind1=" " ind2="7" tag="651">
      <subfield code="0">(DE-601)104704861</subfield>
      <subfield code="0">(DE-588)4011882-4</subfield>
      <subfield code="a">Deutschland</subfield>
      <subfield code="2">gnd</subfield>
    </datafield>
    <datafield ind1=" " ind2="0" tag="653">
      <subfield code="a">Labor laws and legislation</subfield>
      <subfield code="a">Germany</subfield>
    </datafield>
    <datafield ind1="0" ind2="0" tag="689">
      <subfield code="0">(DE-601)104704861</subfield>
      <subfield code="0">(DE-588)4011882-4</subfield>
      <subfield code="D">g</subfield>
      <subfield code="a">Deutschland</subfield>
    </datafield>
    <datafield ind1="0" ind2="1" tag="689">
      <subfield code="0">(DE-601)106392085</subfield>
      <subfield code="0">(DE-588)4002769-7</subfield>
      <subfield code="D">s</subfield>
      <subfield code="a">Arbeitsrecht</subfield>
    </datafield>
    <datafield ind1="0" ind2="2" tag="689">
      <subfield code="A">f</subfield>
      <subfield code="a">Quelle</subfield>
    </datafield>
    <datafield ind1="0" ind2=" " tag="689">
      <subfield code="5">DE-101</subfield>
    </datafield>
    <datafield ind1="1" ind2=" " tag="700">
      <subfield code="a">Richardi, Reinhard</subfield>
      <subfield code="0">(DE-601)080953956</subfield>
      <subfield code="0">(DE-588)120895846</subfield>
    </datafield>
  </record>
  <record>
    <leader>00819nam a22002777c 4500</leader>
    <controlfield tag="001">820771597</controlfield>
    <controlfield tag="003">DE-601</controlfield>
    <datafield ind1=" " ind2=" " tag="035">
      <subfield code="a">4336109</subfield>
    </datafield>
    <datafield ind1=" " ind2=" " tag="035">
      <subfield code="a">(DE-599)GBV820771597</subfield>
    </datafield>
    <datafield ind1="0" ind2="0" tag="082">
      <subfield code="a">344.43010263</subfield>
    </datafield>
    <datafield ind1="0" ind2="0" tag="082">
      <subfield code="a">340</subfield>
    </datafield>
    <datafield ind1="0" ind2="9" tag="082">
      <subfield code="a">340</subfield>
    </datafield>
    <datafield ind1=" " ind2=" " tag="084">
      <subfield code="a">Fmk</subfield>
      <subfield code="2">asb</subfield>
    </datafield>
    <datafield ind1=" " ind2=" " tag="084">
      <subfield code="a">FMK</subfield>
      <subfield code="2">ssd</subfield>
    </datafield>
    <datafield ind1=" " ind2=" " tag="084">
      <subfield code="a">R 415</subfield>
      <subfield code="2">sfb</subfield>
    </datafield>
    <datafield ind1=" " ind2=" " tag="084">
      <subfield code="a">B 404</subfield>
      <subfield code="2">kab</subfield>
    </datafield>
    <datafield ind1=" " ind2=" " tag="084">
      <subfield code="a">Gesetzestext</subfield>
      <subfield code="2">ekz</subfield>
    </datafield>
    <datafield ind1="2" ind2="7" tag="611">
      <subfield code="a">Quelle</subfield>
      <subfield code="2">gnd</subfield>
    </datafield>
    <datafield ind1=" " ind2="7" tag="650">
      <subfield code="0">(DE-601)106392085</subfield>
      <subfield code="0">(DE-588)4002769-7</subfield>
      <subfield code="a">Arbeitsrecht</subfield>
      <subfield code="2">gnd</subfield>
    </datafield>
    <datafield ind1=" " ind2="0" tag="650">
      <subfield code="a">Labor laws and legislation</subfield>
      <subfield code="z">Germany</subfield>
    </datafield>
    <datafield ind1=" " ind2="7" tag="651">
      <subfield code="0">(DE-601)104704861</subfield>
      <subfield code="0">(DE-588)4011882-4</subfield>
      <subfield code="a">Deutschland</subfield>
      <subfield code="2">gnd</subfield>
    </datafield>
    <datafield ind1="0" ind2="0" tag="689">
      <subfield code="0">(DE-601)104704861</subfield>
      <subfield code="0">(DE-588)4011882-4</subfield>
      <subfield code="D">g</subfield>
      <subfield code="a">Deutschland</subfield>
    </datafield>
    <datafield ind1="0" ind2="1" tag="689">
      <subfield code="0">(DE-601)106392085</subfield>
      <subfield code="0">(DE-588)4002769-7</subfield>
      <subfield code="D">s</subfield>
      <subfield code="a">Arbeitsrecht</subfield>
    </datafield>
    <datafield ind1="0" ind2="2" tag="689">
      <subfield code="A">f</subfield>
      <subfield code="a">Quelle</subfield>
    </datafield>
    <datafield ind1="0" ind2=" " tag="689">
      <subfield code="5">DE-101</subfield>
    </datafield>
    <datafield ind1="1" ind2=" " tag="700">
      <subfield code="a">Richardi, Reinhard</subfield>
      <subfield code="0">(DE-601)080953956</subfield>
      <subfield code="0">(DE-588)120895846</subfield>
    </datafield>
  </record>
  <record>
    <leader>00822nam a2200265 c 4500</leader>
    <controlfield tag="001">363637931</controlfield>
    <controlfield tag="003">DE-601</controlfield>
    <datafield ind1=" " ind2=" " tag="035">
      <subfield code="a">(OCoLC)216911289</subfield>
    </datafield>
    <datafield ind1=" " ind2=" " tag="035">
      <subfield code="a">(DE-599)GBV363637931</subfield>
    </datafield>
    <datafield ind1="0" ind2="0" tag="082">
      <subfield code="a">344.304102632</subfield>
    </datafield>
    <datafield ind1=" " ind2=" " tag="084">
      <subfield code="a">19</subfield>
      <subfield code="2">sdnb</subfield>
    </datafield>
    <datafield ind1=" " ind2=" " tag="084">
      <subfield code="a">18</subfield>
      <subfield code="2">sdnb</subfield>
    </datafield>
    <datafield ind1=" " ind2=" " tag="084">
      <subfield code="a">PF 230</subfield>
      <subfield code="2">rvk</subfield>
    </datafield>
    <datafield ind1=" " ind2=" " tag="084">
      <subfield code="a">for</subfield>
      <subfield code="q">DE-601</subfield>
      <subfield code="2">z</subfield>
    </datafield>
    <datafield ind1="2" ind2="7" tag="611">
      <subfield code="a">Quelle</subfield>
      <subfield code="2">gnd</subfield>
    </datafield>
    <datafield ind1=" " ind2="7" tag="650">
      <subfield code="0">(DE-601)106392085</subfield>
      <subfield code="0">(DE-588)4002769-7</subfield>
      <subfield code="a">Arbeitsrecht</subfield>
      <subfield code="2">gnd</subfield>
    </datafield>
    <datafield ind1=" " ind2="7" tag="651">
      <subfield code="0">(DE-601)104704861</subfield>
      <subfield code="0">(DE-588)4011882-4</subfield>
      <subfield code="a">Deutschland</subfield>
      <subfield code="2">gnd</subfield>
    </datafield>
    <datafield ind1=" " ind2="7" tag="655">
      <subfield code="a">7.11a/XA-DE</subfield>
      <subfield code="2">gnd</subfield>
    </datafield>
    <datafield ind1=" " ind2="7" tag="655">
      <subfield code="a">Arbeitsrecht / Quelle</subfield>
      <subfield code="2">gnd</subfield>
    </datafield>
    <datafield ind1="0" ind2="0" tag="689">
      <subfield code="0">(DE-601)104704861</subfield>
      <subfield code="0">(DE-588)4011882-4</subfield>
      <subfield code="D">g</subfield>
      <subfield code="a">Deutschland</subfield>
    </datafield>
    <datafield ind1="0" ind2="1" tag="689">
      <subfield code="0">(DE-601)106392085</subfield>
      <subfield code="0">(DE-588)4002769-7</subfield>
      <subfield code="D">s</subfield>
      <subfield code="a">Arbeitsrecht</subfield>
    </datafield>
    <datafield ind1="0" ind2="2" tag="689">
      <subfield code="A">f</subfield>
      <subfield code="a">Quelle</subfield>
    </datafield>
    <datafield ind1="1" ind2="0" tag="689">
      <subfield code="a">Arbeitsrecht / Quelle</subfield>
    </datafield>
    <datafield ind1="1" ind2=" " tag="689">
      <subfield code="5">DE-601</subfield>
    </datafield>
    <datafield ind1="1" ind2=" " tag="700">
      <subfield code="a">Richardi, Reinhard</subfield>
      <subfield code="0">(DE-601)080953956</subfield>
      <subfield code="0">(DE-588)120895846</subfield>
    </datafield>
  </record>
  <record>
    <leader>00824cam a2200217   4500</leader>
    <controlfield tag="001">096193093</controlfield>
    <controlfield tag="003">DE-576</controlfield>
    <datafield ind1=" " ind2=" " tag="035">
      <subfield code="a">(OCoLC)76367857</subfield>
    </datafield>
    <datafield ind1=" " ind2=" " tag="035">
      <subfield code="a">(DE-599)BSZ096193093</subfield>
    </datafield>
    <datafield ind1="0" ind2=" " tag="082">
      <subfield code="a">344.304102632</subfield>
    </datafield>
    <datafield ind1="0" ind2=" " tag="082">
      <subfield code="a">344.43/01/02632</subfield>
    </datafield>
    <datafield ind1=" " ind2=" " tag="084">
      <subfield code="a">PF 230</subfield>
      <subfield code="2">rvk</subfield>
    </datafield>
    <datafield ind1=" " ind2="7" tag="655">
      <subfield code="a">Quelle</subfield>
      <subfield code="0">(DE-588)4135952-5</subfield>
      <subfield code="0">(DE-576)209665084</subfield>
      <subfield code="2">gnd-content</subfield>
    </datafield>
    <datafield ind1="0" ind2="0" tag="689">
      <subfield code="D">g</subfield>
      <subfield code="0">(DE-588)4011882-4</subfield>
      <subfield code="0">(DE-576)208896155</subfield>
      <subfield code="2">gnd</subfield>
      <subfield code="a">Deutschland</subfield>
    </datafield>
    <datafield ind1="0" ind2="1" tag="689">
      <subfield code="D">s</subfield>
      <subfield code="0">(DE-588)4002769-7</subfield>
      <subfield code="0">(DE-576)208848622</subfield>
      <subfield code="2">gnd</subfield>
      <subfield code="a">Arbeitsrecht</subfield>
    </datafield>
    <datafield ind1="0" ind2=" " tag="689">
      <subfield code="5">DE-101</subfield>
    </datafield>
    <datafield ind1="1" ind2="0" tag="689">
      <subfield code="D">b</subfield>
      <subfield code="0">(DE-588)2069302-3</subfield>
      <subfield code="0">(DE-576)19213910X</subfield>
      <subfield code="2">gnd</subfield>
      <subfield code="a">Deutscher Ausschuss zur Verhtung von Vogelschlgen im Luftverkehr</subfield>
    </datafield>
    <datafield ind1="1" ind2="1" tag="689">
      <subfield code="D">s</subfield>
      <subfield code="0">(DE-588)4002769-7</subfield>
      <subfield code="0">(DE-576)208848622</subfield>
      <subfield code="2">gnd</subfield>
      <subfield code="a">Arbeitsrecht</subfield>
    </datafield>
    <datafield ind1="1" ind2="2" tag="689">
      <subfield code="A">f</subfield>
      <subfield code="2">gnd</subfield>
      <subfield code="a">Quelle</subfield>
    </datafield>
    <datafield ind1="1" ind2=" " tag="689">
      <subfield code="5">DE-576</subfield>
    </datafield>
    <datafield ind1="1" ind2=" " tag="700">
      <subfield code="a">Richardi, Reinhard</subfield>
      <subfield code="d">1937-</subfield>
      <subfield code="e">Hrsg.</subfield>
      <subfield code="0">(DE-588)120895846</subfield>
      <subfield code="0">(DE-576)162716834</subfield>
      <subfield code="4">edt</subfield>
    </datafield>
  </record>
  <record>
    <leader>00837nam a2200265 c 4500</leader>
    <controlfield tag="001">576923125</controlfield>
    <controlfield tag="003">DE-601</controlfield>
    <datafield ind1=" " ind2=" " tag="035">
      <subfield code="a">(OCoLC)550572480</subfield>
    </datafield>
    <datafield ind1=" " ind2=" " tag="035">
      <subfield code="a">(DE-599)GBV576923125</subfield>
    </datafield>
    <datafield ind1="0" ind2="0" tag="082">
      <subfield code="a">344.304102632</subfield>
    </datafield>
    <datafield ind1="0" ind2="0" tag="082">
      <subfield code="a">344.430102632</subfield>
    </datafield>
    <datafield ind1="0" ind2="9" tag="082">
      <subfield code="a">340</subfield>
    </datafield>
    <datafield ind1=" " ind2=" " tag="084">
      <subfield code="a">340</subfield>
      <subfield code="2">sdnb</subfield>
    </datafield>
    <datafield ind1=" " ind2=" " tag="084">
      <subfield code="a">86.74</subfield>
      <subfield code="9">Arbeitsrecht: Allgemeines</subfield>
      <subfield code="2">bkl</subfield>
    </datafield>
    <datafield ind1=" " ind2=" " tag="084">
      <subfield code="a">PF 230</subfield>
      <subfield code="2">rvk</subfield>
    </datafield>
    <datafield ind1=" " ind2=" " tag="084">
      <subfield code="a">PF 230</subfield>
      <subfield code="2">rvk</subfield>
    </datafield>
    <datafield ind1="2" ind2="7" tag="611">
      <subfield code="a">Quelle</subfield>
      <subfield code="2">gnd</subfield>
    </datafield>
    <datafield ind1=" " ind2="7" tag="650">
      <subfield code="0">(DE-601)106392085</subfield>
      <subfield code="0">(DE-588)4002769-7</subfield>
      <subfield code="a">Arbeitsrecht</subfield>
      <subfield code="2">gnd</subfield>
    </datafield>
    <datafield ind1=" " ind2="7" tag="651">
      <subfield code="0">(DE-601)104704861</subfield>
      <subfield code="0">(DE-588)4011882-4</subfield>
      <subfield code="a">Deutschland</subfield>
      <subfield code="2">gnd</subfield>
    </datafield>
    <datafield ind1=" " ind2="0" tag="653">
      <subfield code="a">Labor laws and legislation</subfield>
      <subfield code="a">Germany</subfield>
    </datafield>
    <datafield ind1="0" ind2="0" tag="689">
      <subfield code="0">(DE-601)104704861</subfield>
      <subfield code="0">(DE-588)4011882-4</subfield>
      <subfield code="D">g</subfield>
      <subfield code="a">Deutschland</subfield>
    </datafield>
    <datafield ind1="0" ind2="1" tag="689">
      <subfield code="0">(DE-601)106392085</subfield>
      <subfield code="0">(DE-588)4002769-7</subfield>
      <subfield code="D">s</subfield>
      <subfield code="a">Arbeitsrecht</subfield>
    </datafield>
    <datafield ind1="0" ind2="2" tag="689">
      <subfield code="A">f</subfield>
      <subfield code="a">Quelle</subfield>
    </datafield>
    <datafield ind1="0" ind2=" " tag="689">
      <subfield code="5">DE-101</subfield>
    </datafield>
    <datafield ind1="1" ind2=" " tag="700">
      <subfield code="a">Richardi, Reinhard</subfield>
      <subfield code="0">(DE-601)080953956</subfield>
      <subfield code="0">(DE-588)120895846</subfield>
    </datafield>
  </record>
  <record>
    <leader>00860cam a2200205   4500</leader>
    <controlfield tag="001">349768722</controlfield>
    <controlfield tag="003">DE-576</controlfield>
    <datafield ind1=" " ind2=" " tag="035">
      <subfield code="a">(OCoLC)752940147</subfield>
    </datafield>
    <datafield ind1=" " ind2=" " tag="035">
      <subfield code="a">(DE-599)BSZ349768722</subfield>
    </datafield>
    <datafield ind1=" " ind2=" " tag="035">
      <subfield code="a">(DE-615)00306134</subfield>
    </datafield>
    <datafield ind1="0" ind2=" " tag="082">
      <subfield code="a">344.43010263</subfield>
    </datafield>
    <datafield ind1=" " ind2=" " tag="084">
      <subfield code="a">SZ6</subfield>
      <subfield code="2">FIV</subfield>
    </datafield>
    <datafield ind1=" " ind2=" " tag="084">
      <subfield code="a">RA05.01</subfield>
      <subfield code="2">FIV</subfield>
    </datafield>
    <datafield ind1=" " ind2=" " tag="084">
      <subfield code="a">PF 230</subfield>
      <subfield code="2">rvk</subfield>
    </datafield>
    <datafield ind1=" " ind2="4" tag="650">
      <subfield code="a">Deutschland</subfield>
      <subfield code="x">Arbeitsrecht</subfield>
      <subfield code="x">Gesetz</subfield>
      <subfield code="x">Arbeitnehmer</subfield>
      <subfield code="x">Kndigung von Beschftigungsverhltnissen</subfield>
      <subfield code="x">Arbeitssicherheit</subfield>
      <subfield code="x">Tarifrecht</subfield>
      <subfield code="x">Ausbildung/Berufliche Bildung</subfield>
      <subfield code="x">Betriebsverfassung</subfield>
      <subfield code="x">Mitwirkung/Mitbestimmung im Betrieb</subfield>
      <subfield code="x">Arbeitnehmervertretung</subfield>
    </datafield>
    <datafield ind1=" " ind2="7" tag="655">
      <subfield code="a">Quelle</subfield>
      <subfield code="0">(DE-588)4135952-5</subfield>
      <subfield code="0">(DE-576)209665084</subfield>
      <subfield code="2">gnd-content</subfield>
    </datafield>
    <datafield ind1="0" ind2="0" tag="689">
      <subfield code="D">g</subfield>
      <subfield code="0">(DE-588)4011882-4</subfield>
      <subfield code="0">(DE-576)208896155</subfield>
      <subfield code="2">gnd</subfield>
      <subfield code="a">Deutschland</subfield>
    </datafield>
    <datafield ind1="0" ind2="1" tag="689">
      <subfield code="D">s</subfield>
      <subfield code="0">(DE-588)4002769-7</subfield>
      <subfield code="0">(DE-576)208848622</subfield>
      <subfield code="2">gnd</subfield>
      <subfield code="a">Arbeitsrecht</subfield>
    </datafield>
    <datafield ind1="0" ind2=" " tag="689">
      <subfield code="5">DE-101</subfield>
    </datafield>
    <datafield ind1="1" ind2=" " tag="700">
      <subfield code="a">Richardi, Reinhard</subfield>
      <subfield code="d">1937-</subfield>
      <subfield code="0">(DE-588)120895846</subfield>
      <subfield code="0">(DE-576)162716834</subfield>
    </datafield>
  </record>
  <record>
    <leader>00860nam a2200193 c 4500</leader>
    <controlfield tag="001">900250828</controlfield>
    <controlfield tag="003">DE-101</controlfield>
    <datafield ind1=" " ind2=" " tag="035">
      <subfield code="a">(DE-599)DNB900250828</subfield>
    </datafield>
    <datafield ind1=" " ind2=" " tag="035">
      <subfield code="a">(OCoLC)75129456</subfield>
    </datafield>
    <datafield ind1=" " ind2=" " tag="084">
      <subfield code="a">19</subfield>
      <subfield code="a">18</subfield>
      <subfield code="a">340</subfield>
      <subfield code="a">360</subfield>
      <subfield code="q">DE-101</subfield>
      <subfield code="2">sdnb</subfield>
    </datafield>
    <datafield ind1=" " ind2=" " tag="084">
      <subfield code="a">7.11a</subfield>
      <subfield code="a">7.8c</subfield>
      <subfield code="q">DE-101</subfield>
      <subfield code="2">sswd</subfield>
    </datafield>
    <datafield ind1=" " ind2="7" tag="650">
      <subfield code="0">(DE-588)4002769-7</subfield>
      <subfield code="0">http://d-nb.info/gnd/4002769-7</subfield>
      <subfield code="0">(DE-101)040027694</subfield>
      <subfield code="a">Arbeitsrecht</subfield>
      <subfield code="2">gnd</subfield>
    </datafield>
    <datafield ind1=" " ind2="7" tag="650">
      <subfield code="a">Arbeitsrecht</subfield>
      <subfield code="x">Lander, Gebiete, Volker // Bundesrepublik Deutschland</subfield>
      <subfield code="2">local</subfield>
    </datafield>
    <datafield ind1=" " ind2="7" tag="655">
      <subfield code="0">(DE-588)4135952-5</subfield>
      <subfield code="0">http://d-nb.info/gnd/4135952-5</subfield>
      <subfield code="0">(DE-101)041359526</subfield>
      <subfield code="a">Quelle</subfield>
      <subfield code="2">gnd-content</subfield>
    </datafield>
    <datafield ind1=" " ind2="7" tag="655">
      <subfield code="a">Quelle</subfield>
      <subfield code="2">gnd</subfield>
    </datafield>
    <datafield ind1="0" ind2="0" tag="689">
      <subfield code="0">(DE-588)4002769-7</subfield>
      <subfield code="0">http://d-nb.info/gnd/4002769-7</subfield>
      <subfield code="0">(DE-101)040027694</subfield>
      <subfield code="D">s</subfield>
      <subfield code="a">Arbeitsrecht</subfield>
    </datafield>
    <datafield ind1="0" ind2="1" tag="689">
      <subfield code="A">f</subfield>
      <subfield code="a">Quelle</subfield>
    </datafield>
    <datafield ind1="0" ind2=" " tag="689">
      <subfield code="5">DE-101</subfield>
      <subfield code="5">DE-101</subfield>
    </datafield>
    <datafield ind1="1" ind2=" " tag="700">
      <subfield code="0">(DE-588)120895846</subfield>
      <subfield code="0">http://d-nb.info/gnd/120895846</subfield>
      <subfield code="0">(DE-101)120895846</subfield>
      <subfield code="a">Richardi, Reinhard</subfield>
      <subfield code="d">1937-</subfield>
      <subfield code="e">Verfasser eines Vorworts</subfield>
      <subfield code="4">wpr</subfield>
    </datafield>
  </record>
  <record>
    <leader>00860nam a2200265 c 4500</leader>
    <controlfield tag="001">866911316</controlfield>
    <controlfield tag="003">DE-601</controlfield>
    <datafield ind1=" " ind2=" " tag="035">
      <subfield code="a">(OCoLC)944491871</subfield>
    </datafield>
    <datafield ind1=" " ind2=" " tag="035">
      <subfield code="a">(DE-599)GBV866911316</subfield>
    </datafield>
    <datafield ind1="0" ind2="0" tag="082">
      <subfield code="a">330#DNB</subfield>
    </datafield>
    <datafield ind1="0" ind2="0" tag="082">
      <subfield code="a">344.43010263</subfield>
    </datafield>
    <datafield ind1="0" ind2="0" tag="082">
      <subfield code="a">340</subfield>
    </datafield>
    <datafield ind1="0" ind2="9" tag="082">
      <subfield code="a">340</subfield>
    </datafield>
    <datafield ind1=" " ind2=" " tag="084">
      <subfield code="a">340</subfield>
      <subfield code="2">sdnb</subfield>
    </datafield>
    <datafield ind1=" " ind2=" " tag="084">
      <subfield code="a">86.74</subfield>
      <subfield code="9">Arbeitsrecht: Allgemeines</subfield>
      <subfield code="2">bkl</subfield>
    </datafield>
    <datafield ind1=" " ind2=" " tag="084">
      <subfield code="a">PF 230</subfield>
      <subfield code="2">rvk</subfield>
    </datafield>
    <datafield ind1="2" ind2="7" tag="611">
      <subfield code="a">Quelle</subfield>
      <subfield code="2">gnd</subfield>
    </datafield>
    <datafield ind1=" " ind2="7" tag="650">
      <subfield code="0">(DE-601)106392085</subfield>
      <subfield code="0">(DE-588)4002769-7</subfield>
      <subfield code="a">Arbeitsrecht</subfield>
      <subfield code="2">gnd</subfield>
    </datafield>
    <datafield ind1=" " ind2="7" tag="651">
      <subfield code="0">(DE-601)104704861</subfield>
      <subfield code="0">(DE-588)4011882-4</subfield>
      <subfield code="a">Deutschland</subfield>
      <subfield code="2">gnd</subfield>
    </datafield>
    <datafield ind1="0" ind2="7" tag="655">
      <subfield code="0">(DE-588)4135952-5</subfield>
      <subfield code="a">Quelle</subfield>
      <subfield code="2">gnd-content</subfield>
    </datafield>
    <datafield ind1="0" ind2="0" tag="689">
      <subfield code="0">(DE-601)104704861</subfield>
      <subfield code="0">(DE-588)4011882-4</subfield>
      <subfield code="D">g</subfield>
      <subfield code="a">Deutschland</subfield>
    </datafield>
    <datafield ind1="0" ind2="1" tag="689">
      <subfield code="0">(DE-601)106392085</subfield>
      <subfield code="0">(DE-588)4002769-7</subfield>
      <subfield code="D">s</subfield>
      <subfield code="a">Arbeitsrecht</subfield>
    </datafield>
    <datafield ind1="0" ind2="2" tag="689">
      <subfield code="A">f</subfield>
      <subfield code="a">Quelle</subfield>
    </datafield>
    <datafield ind1="0" ind2=" " tag="689">
      <subfield code="5">DE-101</subfield>
    </datafield>
    <datafield ind1="1" ind2=" " tag="700">
      <subfield code="a">Richardi, Reinhard</subfield>
      <subfield code="e">VerfasserIn einer Einleitung</subfield>
      <subfield code="4">win</subfield>
      <subfield code="0">(DE-601)080953956</subfield>
      <subfield code="0">(DE-588)120895846</subfield>
    </datafield>
  </record>
  <record>
    <leader>00864nam a2200265 c 4500</leader>
    <controlfield tag="001">538755229</controlfield>
    <controlfield tag="003">DE-601</controlfield>
    <datafield ind1=" " ind2=" " tag="035">
      <subfield code="a">(OCoLC)219184553</subfield>
    </datafield>
    <datafield ind1=" " ind2=" " tag="035">
      <subfield code="a">(GBV)538755229</subfield>
    </datafield>
    <datafield ind1=" " ind2=" " tag="035">
      <subfield code="a">(GBV)538755229</subfield>
    </datafield>
    <datafield ind1=" " ind2=" " tag="035">
      <subfield code="a">(DE-599)GBV538755229</subfield>
    </datafield>
    <datafield ind1="0" ind2="9" tag="082">
      <subfield code="a">340</subfield>
    </datafield>
    <datafield ind1=" " ind2=" " tag="084">
      <subfield code="a">R 415</subfield>
      <subfield code="2">sfb</subfield>
    </datafield>
    <datafield ind1=" " ind2=" " tag="084">
      <subfield code="a">86.74</subfield>
      <subfield code="9">Arbeitsrecht: Allgemeines</subfield>
      <subfield code="2">bkl</subfield>
    </datafield>
    <datafield ind1=" " ind2=" " tag="084">
      <subfield code="a">PF 230</subfield>
      <subfield code="2">rvk</subfield>
    </datafield>
    <datafield ind1="2" ind2="7" tag="611">
      <subfield code="a">Quelle</subfield>
      <subfield code="2">gnd</subfield>
    </datafield>
    <datafield ind1=" " ind2="7" tag="650">
      <subfield code="0">(DE-601)106392085</subfield>
      <subfield code="0">(DE-588)4002769-7</subfield>
      <subfield code="a">Arbeitsrecht</subfield>
      <subfield code="2">gnd</subfield>
    </datafield>
    <datafield ind1=" " ind2="0" tag="650">
      <subfield code="a">Labor laws and legislation</subfield>
      <subfield code="z">Germany</subfield>
    </datafield>
    <datafield ind1=" " ind2="7" tag="651">
      <subfield code="0">(DE-601)104704861</subfield>
      <subfield code="0">(DE-588)4011882-4</subfield>
      <subfield code="a">Deutschland</subfield>
      <subfield code="2">gnd</subfield>
    </datafield>
    <datafield ind1=" " ind2="0" tag="653">
      <subfield code="a">Labor laws and legislation</subfield>
      <subfield code="a">Germany</subfield>
    </datafield>
    <datafield ind1="0" ind2="0" tag="689">
      <subfield code="0">(DE-601)104704861</subfield>
      <subfield code="0">(DE-588)4011882-4</subfield>
      <subfield code="D">g</subfield>
      <subfield code="a">Deutschland</subfield>
    </datafield>
    <datafield ind1="0" ind2="1" tag="689">
      <subfield code="0">(DE-601)106392085</subfield>
      <subfield code="0">(DE-588)4002769-7</subfield>
      <subfield code="D">s</subfield>
      <subfield code="a">Arbeitsrecht</subfield>
    </datafield>
    <datafield ind1="0" ind2="2" tag="689">
      <subfield code="A">f</subfield>
      <subfield code="a">Quelle</subfield>
    </datafield>
    <datafield ind1="0" ind2=" " tag="689">
      <subfield code="5">DE-101</subfield>
    </datafield>
    <datafield ind1="1" ind2=" " tag="700">
      <subfield code="a">Richardi, Reinhard</subfield>
      <subfield code="0">(DE-601)080953956</subfield>
      <subfield code="0">(DE-588)120895846</subfield>
    </datafield>
  </record>
  <record>
    <leader>00888nam a2200241 c 4500</leader>
    <controlfield tag="001">330890905</controlfield>
    <controlfield tag="003">DE-601</controlfield>
    <datafield ind1=" " ind2=" " tag="035">
      <subfield code="a">(OCoLC)76125406</subfield>
    </datafield>
    <datafield ind1=" " ind2=" " tag="035">
      <subfield code="a">(DE-599)GBV330890905</subfield>
    </datafield>
    <datafield ind1="0" ind2="0" tag="082">
      <subfield code="a">344.304102632</subfield>
    </datafield>
    <datafield ind1=" " ind2=" " tag="084">
      <subfield code="a">PF 230</subfield>
      <subfield code="2">rvk</subfield>
    </datafield>
    <datafield ind1=" " ind2="7" tag="650">
      <subfield code="0">(DE-601)106392085</subfield>
      <subfield code="0">(DE-588)4002769-7</subfield>
      <subfield code="a">Arbeitsrecht</subfield>
      <subfield code="2">gnd</subfield>
    </datafield>
    <datafield ind1=" " ind2="7" tag="650">
      <subfield code="0">(DE-601)105661236</subfield>
      <subfield code="0">(DE-588)4135952-5</subfield>
      <subfield code="a">Quelle</subfield>
      <subfield code="2">gnd</subfield>
    </datafield>
    <datafield ind1=" " ind2="7" tag="650">
      <subfield code="0">(DE-601)106392085</subfield>
      <subfield code="0">(DE-588)4002769-7</subfield>
      <subfield code="a">Arbeitsrecht</subfield>
      <subfield code="2">gnd</subfield>
    </datafield>
    <datafield ind1=" " ind2="7" tag="651">
      <subfield code="0">(DE-601)104704861</subfield>
      <subfield code="0">(DE-588)4011882-4</subfield>
      <subfield code="a">Deutschland</subfield>
      <subfield code="2">gnd</subfield>
    </datafield>
    <datafield ind1=" " ind2="0" tag="653">
      <subfield code="a">Labor laws and legislation</subfield>
      <subfield code="a">Germany</subfield>
    </datafield>
    <datafield ind1="0" ind2="0" tag="689">
      <subfield code="0">(DE-601)104704861</subfield>
      <subfield code="0">(DE-588)4011882-4</subfield>
      <subfield code="D">g</subfield>
      <subfield code="a">Deutschland</subfield>
    </datafield>
    <datafield ind1="0" ind2="1" tag="689">
      <subfield code="0">(DE-601)106392085</subfield>
      <subfield code="0">(DE-588)4002769-7</subfield>
      <subfield code="D">s</subfield>
      <subfield code="a">Arbeitsrecht</subfield>
    </datafield>
    <datafield ind1="0" ind2="2" tag="689">
      <subfield code="0">(DE-601)105661236</subfield>
      <subfield code="0">(DE-588)4135952-5</subfield>
      <subfield code="D">s</subfield>
      <subfield code="a">Quelle</subfield>
    </datafield>
    <datafield ind1="0" ind2=" " tag="689">
      <subfield code="5">DE-601</subfield>
    </datafield>
    <datafield ind1="1" ind2="0" tag="689">
      <subfield code="0">(DE-601)106392085</subfield>
      <subfield code="0">(DE-588)4002769-7</subfield>
      <subfield code="D">s</subfield>
      <subfield code="a">Arbeitsrecht</subfield>
    </datafield>
    <datafield ind1="1" ind2=" " tag="689">
      <subfield code="5">DE-601</subfield>
    </datafield>
    <datafield ind1="1" ind2=" " tag="700">
      <subfield code="a">Richardi, Reinhard</subfield>
      <subfield code="e">Hrsg.</subfield>
    </datafield>
  </record>
  <record>
    <leader>00903nam a2200193 c 4500</leader>
    <controlfield tag="001">970332114</controlfield>
    <controlfield tag="003">DE-101</controlfield>
    <datafield ind1=" " ind2=" " tag="035">
      <subfield code="a">(DE-599)DNB970332114</subfield>
    </datafield>
    <datafield ind1=" " ind2=" " tag="035">
      <subfield code="a">(OCoLC)76692912</subfield>
    </datafield>
    <datafield ind1="7" ind2="4" tag="082">
      <subfield code="a">340</subfield>
      <subfield code="q">DE-101</subfield>
      <subfield code="2">22sdnb</subfield>
    </datafield>
    <datafield ind1=" " ind2="7" tag="650">
      <subfield code="0">(DE-588)4002769-7</subfield>
      <subfield code="0">http://d-nb.info/gnd/4002769-7</subfield>
      <subfield code="0">(DE-101)040027694</subfield>
      <subfield code="a">Arbeitsrecht</subfield>
      <subfield code="2">gnd</subfield>
    </datafield>
    <datafield ind1=" " ind2="7" tag="651">
      <subfield code="0">(DE-588)4011882-4</subfield>
      <subfield code="0">http://d-nb.info/gnd/4011882-4</subfield>
      <subfield code="0">(DE-101)040118827</subfield>
      <subfield code="a">Deutschland</subfield>
      <subfield code="2">gnd</subfield>
    </datafield>
    <datafield ind1=" " ind2="7" tag="655">
      <subfield code="0">(DE-588)4135952-5</subfield>
      <subfield code="0">http://d-nb.info/gnd/4135952-5</subfield>
      <subfield code="0">(DE-101)041359526</subfield>
      <subfield code="a">Quelle</subfield>
      <subfield code="2">gnd-content</subfield>
    </datafield>
    <datafield ind1=" " ind2="7" tag="655">
      <subfield code="a">Quelle</subfield>
      <subfield code="2">gnd</subfield>
    </datafield>
    <datafield ind1="0" ind2="0" tag="689">
      <subfield code="0">(DE-588)4011882-4</subfield>
      <subfield code="0">http://d-nb.info/gnd/4011882-4</subfield>
      <subfield code="0">(DE-101)040118827</subfield>
      <subfield code="D">g</subfield>
      <subfield code="a">Deutschland</subfield>
    </datafield>
    <datafield ind1="0" ind2="1" tag="689">
      <subfield code="0">(DE-588)4002769-7</subfield>
      <subfield code="0">http://d-nb.info/gnd/4002769-7</subfield>
      <subfield code="0">(DE-101)040027694</subfield>
      <subfield code="D">s</subfield>
      <subfield code="a">Arbeitsrecht</subfield>
    </datafield>
    <datafield ind1="0" ind2="2" tag="689">
      <subfield code="A">f</subfield>
      <subfield code="a">Quelle</subfield>
    </datafield>
    <datafield ind1="0" ind2=" " tag="689">
      <subfield code="5">DE-101</subfield>
      <subfield code="5">DE-101</subfield>
    </datafield>
    <datafield ind1="1" ind2=" " tag="700">
      <subfield code="0">(DE-588)120895846</subfield>
      <subfield code="0">http://d-nb.info/gnd/120895846</subfield>
      <subfield code="0">(DE-101)120895846</subfield>
      <subfield code="a">Richardi, Reinhard</subfield>
      <subfield code="d">1937-</subfield>
      <subfield code="e">Herausgeber</subfield>
      <subfield code="4">edt</subfield>
    </datafield>
  </record>
  <record>
    <leader>00903nam a2200193 c 4500</leader>
    <controlfield tag="001">973969431</controlfield>
    <controlfield tag="003">DE-101</controlfield>
    <datafield ind1=" " ind2=" " tag="035">
      <subfield code="a">(DE-599)DNB973969431</subfield>
    </datafield>
    <datafield ind1=" " ind2=" " tag="035">
      <subfield code="a">(OCoLC)76726232</subfield>
    </datafield>
    <datafield ind1="7" ind2="4" tag="082">
      <subfield code="a">340</subfield>
      <subfield code="q">DE-101</subfield>
      <subfield code="2">22sdnb</subfield>
    </datafield>
    <datafield ind1=" " ind2="7" tag="650">
      <subfield code="0">(DE-588)4002769-7</subfield>
      <subfield code="0">http://d-nb.info/gnd/4002769-7</subfield>
      <subfield code="0">(DE-101)040027694</subfield>
      <subfield code="a">Arbeitsrecht</subfield>
      <subfield code="2">gnd</subfield>
    </datafield>
    <datafield ind1=" " ind2="7" tag="651">
      <subfield code="0">(DE-588)4011882-4</subfield>
      <subfield code="0">http://d-nb.info/gnd/4011882-4</subfield>
      <subfield code="0">(DE-101)040118827</subfield>
      <subfield code="a">Deutschland</subfield>
      <subfield code="2">gnd</subfield>
    </datafield>
    <datafield ind1=" " ind2="7" tag="655">
      <subfield code="0">(DE-588)4135952-5</subfield>
      <subfield code="0">http://d-nb.info/gnd/4135952-5</subfield>
      <subfield code="0">(DE-101)041359526</subfield>
      <subfield code="a">Quelle</subfield>
      <subfield code="2">gnd-content</subfield>
    </datafield>
    <datafield ind1=" " ind2="7" tag="655">
      <subfield code="a">Quelle</subfield>
      <subfield code="2">gnd</subfield>
    </datafield>
    <datafield ind1="0" ind2="0" tag="689">
      <subfield code="0">(DE-588)4011882-4</subfield>
      <subfield code="0">http://d-nb.info/gnd/4011882-4</subfield>
      <subfield code="0">(DE-101)040118827</subfield>
      <subfield code="D">g</subfield>
      <subfield code="a">Deutschland</subfield>
    </datafield>
    <datafield ind1="0" ind2="1" tag="689">
      <subfield code="0">(DE-588)4002769-7</subfield>
      <subfield code="0">http://d-nb.info/gnd/4002769-7</subfield>
      <subfield code="0">(DE-101)040027694</subfield>
      <subfield code="D">s</subfield>
      <subfield code="a">Arbeitsrecht</subfield>
    </datafield>
    <datafield ind1="0" ind2="2" tag="689">
      <subfield code="A">f</subfield>
      <subfield code="a">Quelle</subfield>
    </datafield>
    <datafield ind1="0" ind2=" " tag="689">
      <subfield code="5">DE-101</subfield>
      <subfield code="5">DE-101</subfield>
    </datafield>
    <datafield ind1="1" ind2=" " tag="700">
      <subfield code="0">(DE-588)120895846</subfield>
      <subfield code="0">http://d-nb.info/gnd/120895846</subfield>
      <subfield code="0">(DE-101)120895846</subfield>
      <subfield code="a">Richardi, Reinhard</subfield>
      <subfield code="d">1937-</subfield>
      <subfield code="e">Herausgeber</subfield>
      <subfield code="4">edt</subfield>
    </datafield>
  </record>
  <record>
    <leader>00903nam a2200193 c 4500</leader>
    <controlfield tag="001">976132494</controlfield>
    <controlfield tag="003">DE-101</controlfield>
    <datafield ind1=" " ind2=" " tag="035">
      <subfield code="a">(DE-599)DNB976132494</subfield>
    </datafield>
    <datafield ind1=" " ind2=" " tag="035">
      <subfield code="a">(OCoLC)76123140</subfield>
    </datafield>
    <datafield ind1="7" ind2="4" tag="082">
      <subfield code="a">340</subfield>
      <subfield code="q">DE-101</subfield>
      <subfield code="2">22sdnb</subfield>
    </datafield>
    <datafield ind1=" " ind2="7" tag="650">
      <subfield code="0">(DE-588)4002769-7</subfield>
      <subfield code="0">http://d-nb.info/gnd/4002769-7</subfield>
      <subfield code="0">(DE-101)040027694</subfield>
      <subfield code="a">Arbeitsrecht</subfield>
      <subfield code="2">gnd</subfield>
    </datafield>
    <datafield ind1=" " ind2="7" tag="651">
      <subfield code="0">(DE-588)4011882-4</subfield>
      <subfield code="0">http://d-nb.info/gnd/4011882-4</subfield>
      <subfield code="0">(DE-101)040118827</subfield>
      <subfield code="a">Deutschland</subfield>
      <subfield code="2">gnd</subfield>
    </datafield>
    <datafield ind1=" " ind2="7" tag="655">
      <subfield code="0">(DE-588)4135952-5</subfield>
      <subfield code="0">http://d-nb.info/gnd/4135952-5</subfield>
      <subfield code="0">(DE-101)041359526</subfield>
      <subfield code="a">Quelle</subfield>
      <subfield code="2">gnd-content</subfield>
    </datafield>
    <datafield ind1=" " ind2="7" tag="655">
      <subfield code="a">Quelle</subfield>
      <subfield code="2">gnd</subfield>
    </datafield>
    <datafield ind1="0" ind2="0" tag="689">
      <subfield code="0">(DE-588)4011882-4</subfield>
      <subfield code="0">http://d-nb.info/gnd/4011882-4</subfield>
      <subfield code="0">(DE-101)040118827</subfield>
      <subfield code="D">g</subfield>
      <subfield code="a">Deutschland</subfield>
    </datafield>
    <datafield ind1="0" ind2="1" tag="689">
      <subfield code="0">(DE-588)4002769-7</subfield>
      <subfield code="0">http://d-nb.info/gnd/4002769-7</subfield>
      <subfield code="0">(DE-101)040027694</subfield>
      <subfield code="D">s</subfield>
      <subfield code="a">Arbeitsrecht</subfield>
    </datafield>
    <datafield ind1="0" ind2="2" tag="689">
      <subfield code="A">f</subfield>
      <subfield code="a">Quelle</subfield>
    </datafield>
    <datafield ind1="0" ind2=" " tag="689">
      <subfield code="5">DE-101</subfield>
      <subfield code="5">DE-101</subfield>
    </datafield>
    <datafield ind1="1" ind2=" " tag="700">
      <subfield code="0">(DE-588)120895846</subfield>
      <subfield code="0">http://d-nb.info/gnd/120895846</subfield>
      <subfield code="0">(DE-101)120895846</subfield>
      <subfield code="a">Richardi, Reinhard</subfield>
      <subfield code="d">1937-</subfield>
      <subfield code="e">Herausgeber</subfield>
      <subfield code="4">edt</subfield>
    </datafield>
  </record>
  <record>
    <leader>00903nam a2200193 c 4500</leader>
    <controlfield tag="001">976472651</controlfield>
    <controlfield tag="003">DE-101</controlfield>
    <datafield ind1=" " ind2=" " tag="035">
      <subfield code="a">(DE-599)DNB976472651</subfield>
    </datafield>
    <datafield ind1=" " ind2=" " tag="035">
      <subfield code="a">(OCoLC)76136160</subfield>
    </datafield>
    <datafield ind1="7" ind2="4" tag="082">
      <subfield code="a">340</subfield>
      <subfield code="q">DE-101</subfield>
      <subfield code="2">22sdnb</subfield>
    </datafield>
    <datafield ind1=" " ind2="7" tag="650">
      <subfield code="0">(DE-588)4002769-7</subfield>
      <subfield code="0">http://d-nb.info/gnd/4002769-7</subfield>
      <subfield code="0">(DE-101)040027694</subfield>
      <subfield code="a">Arbeitsrecht</subfield>
      <subfield code="2">gnd</subfield>
    </datafield>
    <datafield ind1=" " ind2="7" tag="651">
      <subfield code="0">(DE-588)4011882-4</subfield>
      <subfield code="0">http://d-nb.info/gnd/4011882-4</subfield>
      <subfield code="0">(DE-101)040118827</subfield>
      <subfield code="a">Deutschland</subfield>
      <subfield code="2">gnd</subfield>
    </datafield>
    <datafield ind1=" " ind2="7" tag="655">
      <subfield code="0">(DE-588)4135952-5</subfield>
      <subfield code="0">http://d-nb.info/gnd/4135952-5</subfield>
      <subfield code="0">(DE-101)041359526</subfield>
      <subfield code="a">Quelle</subfield>
      <subfield code="2">gnd-content</subfield>
    </datafield>
    <datafield ind1=" " ind2="7" tag="655">
      <subfield code="a">Quelle</subfield>
      <subfield code="2">gnd</subfield>
    </datafield>
    <datafield ind1="0" ind2="0" tag="689">
      <subfield code="0">(DE-588)4011882-4</subfield>
      <subfield code="0">http://d-nb.info/gnd/4011882-4</subfield>
      <subfield code="0">(DE-101)040118827</subfield>
      <subfield code="D">g</subfield>
      <subfield code="a">Deutschland</subfield>
    </datafield>
    <datafield ind1="0" ind2="1" tag="689">
      <subfield code="0">(DE-588)4002769-7</subfield>
      <subfield code="0">http://d-nb.info/gnd/4002769-7</subfield>
      <subfield code="0">(DE-101)040027694</subfield>
      <subfield code="D">s</subfield>
      <subfield code="a">Arbeitsrecht</subfield>
    </datafield>
    <datafield ind1="0" ind2="2" tag="689">
      <subfield code="A">f</subfield>
      <subfield code="a">Quelle</subfield>
    </datafield>
    <datafield ind1="0" ind2=" " tag="689">
      <subfield code="5">DE-101</subfield>
      <subfield code="5">DE-101</subfield>
    </datafield>
    <datafield ind1="1" ind2=" " tag="700">
      <subfield code="0">(DE-588)120895846</subfield>
      <subfield code="0">http://d-nb.info/gnd/120895846</subfield>
      <subfield code="0">(DE-101)120895846</subfield>
      <subfield code="a">Richardi, Reinhard</subfield>
      <subfield code="d">1937-</subfield>
      <subfield code="e">Herausgeber</subfield>
      <subfield code="4">edt</subfield>
    </datafield>
  </record>
  <record>
    <leader>00904nam a2200193 c 4500</leader>
    <controlfield tag="001">972188991</controlfield>
    <controlfield tag="003">DE-101</controlfield>
    <datafield ind1=" " ind2=" " tag="035">
      <subfield code="a">(DE-599)DNB972188991</subfield>
    </datafield>
    <datafield ind1=" " ind2=" " tag="035">
      <subfield code="a">(OCoLC)163151967</subfield>
    </datafield>
    <datafield ind1="7" ind2="4" tag="082">
      <subfield code="a">340</subfield>
      <subfield code="q">DE-101</subfield>
      <subfield code="2">22sdnb</subfield>
    </datafield>
    <datafield ind1=" " ind2="7" tag="650">
      <subfield code="0">(DE-588)4002769-7</subfield>
      <subfield code="0">http://d-nb.info/gnd/4002769-7</subfield>
      <subfield code="0">(DE-101)040027694</subfield>
      <subfield code="a">Arbeitsrecht</subfield>
      <subfield code="2">gnd</subfield>
    </datafield>
    <datafield ind1=" " ind2="7" tag="651">
      <subfield code="0">(DE-588)4011882-4</subfield>
      <subfield code="0">http://d-nb.info/gnd/4011882-4</subfield>
      <subfield code="0">(DE-101)040118827</subfield>
      <subfield code="a">Deutschland</subfield>
      <subfield code="2">gnd</subfield>
    </datafield>
    <datafield ind1=" " ind2="7" tag="655">
      <subfield code="0">(DE-588)4135952-5</subfield>
      <subfield code="0">http://d-nb.info/gnd/4135952-5</subfield>
      <subfield code="0">(DE-101)041359526</subfield>
      <subfield code="a">Quelle</subfield>
      <subfield code="2">gnd-content</subfield>
    </datafield>
    <datafield ind1=" " ind2="7" tag="655">
      <subfield code="a">Quelle</subfield>
      <subfield code="2">gnd</subfield>
    </datafield>
    <datafield ind1="0" ind2="0" tag="689">
      <subfield code="0">(DE-588)4011882-4</subfield>
      <subfield code="0">http://d-nb.info/gnd/4011882-4</subfield>
      <subfield code="0">(DE-101)040118827</subfield>
      <subfield code="D">g</subfield>
      <subfield code="a">Deutschland</subfield>
    </datafield>
    <datafield ind1="0" ind2="1" tag="689">
      <subfield code="0">(DE-588)4002769-7</subfield>
      <subfield code="0">http://d-nb.info/gnd/4002769-7</subfield>
      <subfield code="0">(DE-101)040027694</subfield>
      <subfield code="D">s</subfield>
      <subfield code="a">Arbeitsrecht</subfield>
    </datafield>
    <datafield ind1="0" ind2="2" tag="689">
      <subfield code="A">f</subfield>
      <subfield code="a">Quelle</subfield>
    </datafield>
    <datafield ind1="0" ind2=" " tag="689">
      <subfield code="5">DE-101</subfield>
      <subfield code="5">DE-101</subfield>
    </datafield>
    <datafield ind1="1" ind2=" " tag="700">
      <subfield code="0">(DE-588)120895846</subfield>
      <subfield code="0">http://d-nb.info/gnd/120895846</subfield>
      <subfield code="0">(DE-101)120895846</subfield>
      <subfield code="a">Richardi, Reinhard</subfield>
      <subfield code="d">1937-</subfield>
      <subfield code="e">Herausgeber</subfield>
      <subfield code="4">edt</subfield>
    </datafield>
  </record>
  <record>
    <leader>00904nam a2200193 c 4500</leader>
    <controlfield tag="001">978618726</controlfield>
    <controlfield tag="003">DE-101</controlfield>
    <datafield ind1=" " ind2=" " tag="035">
      <subfield code="a">(DE-599)DNB978618726</subfield>
    </datafield>
    <datafield ind1=" " ind2=" " tag="035">
      <subfield code="a">(OCoLC)218993644</subfield>
    </datafield>
    <datafield ind1="7" ind2="4" tag="082">
      <subfield code="a">340</subfield>
      <subfield code="q">DE-101</subfield>
      <subfield code="2">22sdnb</subfield>
    </datafield>
    <datafield ind1=" " ind2="7" tag="650">
      <subfield code="0">(DE-588)4002769-7</subfield>
      <subfield code="0">http://d-nb.info/gnd/4002769-7</subfield>
      <subfield code="0">(DE-101)040027694</subfield>
      <subfield code="a">Arbeitsrecht</subfield>
      <subfield code="2">gnd</subfield>
    </datafield>
    <datafield ind1=" " ind2="7" tag="651">
      <subfield code="0">(DE-588)4011882-4</subfield>
      <subfield code="0">http://d-nb.info/gnd/4011882-4</subfield>
      <subfield code="0">(DE-101)040118827</subfield>
      <subfield code="a">Deutschland</subfield>
      <subfield code="2">gnd</subfield>
    </datafield>
    <datafield ind1=" " ind2="7" tag="655">
      <subfield code="0">(DE-588)4135952-5</subfield>
      <subfield code="0">http://d-nb.info/gnd/4135952-5</subfield>
      <subfield code="0">(DE-101)041359526</subfield>
      <subfield code="a">Quelle</subfield>
      <subfield code="2">gnd-content</subfield>
    </datafield>
    <datafield ind1=" " ind2="7" tag="655">
      <subfield code="a">Quelle</subfield>
      <subfield code="2">gnd</subfield>
    </datafield>
    <datafield ind1="0" ind2="0" tag="689">
      <subfield code="0">(DE-588)4011882-4</subfield>
      <subfield code="0">http://d-nb.info/gnd/4011882-4</subfield>
      <subfield code="0">(DE-101)040118827</subfield>
      <subfield code="D">g</subfield>
      <subfield code="a">Deutschland</subfield>
    </datafield>
    <datafield ind1="0" ind2="1" tag="689">
      <subfield code="0">(DE-588)4002769-7</subfield>
      <subfield code="0">http://d-nb.info/gnd/4002769-7</subfield>
      <subfield code="0">(DE-101)040027694</subfield>
      <subfield code="D">s</subfield>
      <subfield code="a">Arbeitsrecht</subfield>
    </datafield>
    <datafield ind1="0" ind2="2" tag="689">
      <subfield code="A">f</subfield>
      <subfield code="a">Quelle</subfield>
    </datafield>
    <datafield ind1="0" ind2=" " tag="689">
      <subfield code="5">DE-101</subfield>
      <subfield code="5">DE-101</subfield>
    </datafield>
    <datafield ind1="1" ind2=" " tag="700">
      <subfield code="0">(DE-588)120895846</subfield>
      <subfield code="0">http://d-nb.info/gnd/120895846</subfield>
      <subfield code="0">(DE-101)120895846</subfield>
      <subfield code="a">Richardi, Reinhard</subfield>
      <subfield code="d">1937-</subfield>
      <subfield code="e">Herausgeber</subfield>
      <subfield code="4">edt</subfield>
    </datafield>
  </record>
  <record>
    <leader>00904nam a2200193 c 4500</leader>
    <controlfield tag="001">981161251</controlfield>
    <controlfield tag="003">DE-101</controlfield>
    <datafield ind1=" " ind2=" " tag="035">
      <subfield code="a">(DE-599)DNB981161251</subfield>
    </datafield>
    <datafield ind1=" " ind2=" " tag="035">
      <subfield code="a">(OCoLC)723681957</subfield>
    </datafield>
    <datafield ind1="7" ind2="4" tag="082">
      <subfield code="a">340</subfield>
      <subfield code="q">DE-101</subfield>
      <subfield code="2">22sdnb</subfield>
    </datafield>
    <datafield ind1=" " ind2="7" tag="650">
      <subfield code="0">(DE-588)4002769-7</subfield>
      <subfield code="0">http://d-nb.info/gnd/4002769-7</subfield>
      <subfield code="0">(DE-101)040027694</subfield>
      <subfield code="a">Arbeitsrecht</subfield>
      <subfield code="2">gnd</subfield>
    </datafield>
    <datafield ind1=" " ind2="7" tag="651">
      <subfield code="0">(DE-588)4011882-4</subfield>
      <subfield code="0">http://d-nb.info/gnd/4011882-4</subfield>
      <subfield code="0">(DE-101)040118827</subfield>
      <subfield code="a">Deutschland</subfield>
      <subfield code="2">gnd</subfield>
    </datafield>
    <datafield ind1=" " ind2="7" tag="655">
      <subfield code="0">(DE-588)4135952-5</subfield>
      <subfield code="0">http://d-nb.info/gnd/4135952-5</subfield>
      <subfield code="0">(DE-101)041359526</subfield>
      <subfield code="a">Quelle</subfield>
      <subfield code="2">gnd-content</subfield>
    </datafield>
    <datafield ind1=" " ind2="7" tag="655">
      <subfield code="a">Quelle</subfield>
      <subfield code="2">gnd</subfield>
    </datafield>
    <datafield ind1="0" ind2="0" tag="689">
      <subfield code="0">(DE-588)4011882-4</subfield>
      <subfield code="0">http://d-nb.info/gnd/4011882-4</subfield>
      <subfield code="0">(DE-101)040118827</subfield>
      <subfield code="D">g</subfield>
      <subfield code="a">Deutschland</subfield>
    </datafield>
    <datafield ind1="0" ind2="1" tag="689">
      <subfield code="0">(DE-588)4002769-7</subfield>
      <subfield code="0">http://d-nb.info/gnd/4002769-7</subfield>
      <subfield code="0">(DE-101)040027694</subfield>
      <subfield code="D">s</subfield>
      <subfield code="a">Arbeitsrecht</subfield>
    </datafield>
    <datafield ind1="0" ind2="2" tag="689">
      <subfield code="A">f</subfield>
      <subfield code="a">Quelle</subfield>
    </datafield>
    <datafield ind1="0" ind2=" " tag="689">
      <subfield code="5">DE-101</subfield>
      <subfield code="5">DE-101</subfield>
    </datafield>
    <datafield ind1="1" ind2=" " tag="700">
      <subfield code="0">(DE-588)120895846</subfield>
      <subfield code="0">http://d-nb.info/gnd/120895846</subfield>
      <subfield code="0">(DE-101)120895846</subfield>
      <subfield code="a">Richardi, Reinhard</subfield>
      <subfield code="d">1937-</subfield>
      <subfield code="e">Herausgeber</subfield>
      <subfield code="4">edt</subfield>
    </datafield>
  </record>
  <record>
    <leader>00907nam a2200193 c 4500</leader>
    <controlfield tag="001">860645347</controlfield>
    <controlfield tag="003">DE-101</controlfield>
    <datafield ind1=" " ind2=" " tag="035">
      <subfield code="a">(DE-599)DNB860645347</subfield>
    </datafield>
    <datafield ind1=" " ind2=" " tag="035">
      <subfield code="a">(OCoLC)220393864</subfield>
    </datafield>
    <datafield ind1=" " ind2=" " tag="084">
      <subfield code="a">19</subfield>
      <subfield code="a">18</subfield>
      <subfield code="a">340</subfield>
      <subfield code="a">360</subfield>
      <subfield code="q">DE-101</subfield>
      <subfield code="2">sdnb</subfield>
    </datafield>
    <datafield ind1=" " ind2=" " tag="084">
      <subfield code="a">7.11a</subfield>
      <subfield code="a">7.8c</subfield>
      <subfield code="q">DE-101</subfield>
      <subfield code="2">sswd</subfield>
    </datafield>
    <datafield ind1=" " ind2="7" tag="650">
      <subfield code="0">(DE-588)4002769-7</subfield>
      <subfield code="0">http://d-nb.info/gnd/4002769-7</subfield>
      <subfield code="0">(DE-101)040027694</subfield>
      <subfield code="a">Arbeitsrecht</subfield>
      <subfield code="2">gnd</subfield>
    </datafield>
    <datafield ind1=" " ind2="7" tag="655">
      <subfield code="0">(DE-588)4135952-5</subfield>
      <subfield code="0">http://d-nb.info/gnd/4135952-5</subfield>
      <subfield code="0">(DE-101)041359526</subfield>
      <subfield code="a">Quelle</subfield>
      <subfield code="2">gnd-content</subfield>
    </datafield>
    <datafield ind1=" " ind2="7" tag="655">
      <subfield code="a">Quelle</subfield>
      <subfield code="2">gnd</subfield>
    </datafield>
    <datafield ind1="0" ind2="0" tag="689">
      <subfield code="0">(DE-588)4002769-7</subfield>
      <subfield code="0">http://d-nb.info/gnd/4002769-7</subfield>
      <subfield code="0">(DE-101)040027694</subfield>
      <subfield code="D">s</subfield>
      <subfield code="a">Arbeitsrecht</subfield>
    </datafield>
    <datafield ind1="0" ind2="1" tag="689">
      <subfield code="A">f</subfield>
      <subfield code="a">Quelle</subfield>
    </datafield>
    <datafield ind1="0" ind2=" " tag="689">
      <subfield code="5">DE-101</subfield>
      <subfield code="5">DE-101</subfield>
    </datafield>
    <datafield ind1="1" ind2=" " tag="700">
      <subfield code="0">(DE-588)120895846</subfield>
      <subfield code="0">http://d-nb.info/gnd/120895846</subfield>
      <subfield code="0">(DE-101)120895846</subfield>
      <subfield code="a">Richardi, Reinhard</subfield>
      <subfield code="d">1937-</subfield>
      <subfield code="e">Verfasser eines Vorworts</subfield>
      <subfield code="4">wpr</subfield>
    </datafield>
    <datafield ind1="1" ind2=" " tag="710">
      <subfield code="0">(DE-588)4011889-7</subfield>
      <subfield code="0">http://d-nb.info/gnd/4011889-7</subfield>
      <subfield code="0">(DE-101)040118894</subfield>
      <subfield code="a">Deutschland</subfield>
      <subfield code="g">Bundesrepublik</subfield>
      <subfield code="e">Herausgebendes Organ</subfield>
      <subfield code="4">isb</subfield>
    </datafield>
  </record>
  <record>
    <leader>00925nam a2200301 cb4500</leader>
    <controlfield tag="001">BV012456199</controlfield>
    <controlfield tag="003">DE-604</controlfield>
    <datafield ind1=" " ind2=" " tag="035">
      <subfield code="a">(OCoLC)76125406</subfield>
    </datafield>
    <datafield ind1=" " ind2=" " tag="035">
      <subfield code="a">(DE-599)BVBBV012456199</subfield>
    </datafield>
    <datafield ind1="0" ind2=" " tag="082">
      <subfield code="a">344.304102632</subfield>
    </datafield>
    <datafield ind1="0" ind2=" " tag="082">
      <subfield code="a">344.43/01/02632</subfield>
    </datafield>
    <datafield ind1="0" ind2=" " tag="082">
      <subfield code="a">344.43/01/02632 344.304102632 20</subfield>
    </datafield>
    <datafield ind1=" " ind2=" " tag="084">
      <subfield code="a">18</subfield>
      <subfield code="2">sdnb</subfield>
    </datafield>
    <datafield ind1=" " ind2=" " tag="084">
      <subfield code="a">19</subfield>
      <subfield code="2">sdnb</subfield>
    </datafield>
    <datafield ind1=" " ind2=" " tag="084">
      <subfield code="a">PF 230</subfield>
      <subfield code="2">rvk</subfield>
    </datafield>
    <datafield ind1=" " ind2="4" tag="650">
      <subfield code="a">Labor laws and legislation</subfield>
      <subfield code="z">Germany</subfield>
    </datafield>
    <datafield ind1="0" ind2="7" tag="650">
      <subfield code="a">Quelle</subfield>
      <subfield code="0">(DE-588)4135952-5</subfield>
      <subfield code="2">gnd</subfield>
    </datafield>
    <datafield ind1="0" ind2="7" tag="650">
      <subfield code="a">Arbeitsrecht</subfield>
      <subfield code="0">(DE-588)4002769-7</subfield>
      <subfield code="2">gnd</subfield>
    </datafield>
    <datafield ind1=" " ind2="4" tag="651">
      <subfield code="a">Deutschland</subfield>
    </datafield>
    <datafield ind1=" " ind2="7" tag="651">
      <subfield code="a">Deutschland</subfield>
      <subfield code="0">(DE-588)4011882-4</subfield>
      <subfield code="2">gnd</subfield>
    </datafield>
    <datafield ind1="0" ind2="0" tag="689">
      <subfield code="a">Deutschland</subfield>
      <subfield code="0">(DE-588)4011882-4</subfield>
      <subfield code="D">g</subfield>
    </datafield>
    <datafield ind1="0" ind2="1" tag="689">
      <subfield code="a">Arbeitsrecht</subfield>
      <subfield code="0">(DE-588)4002769-7</subfield>
      <subfield code="D">s</subfield>
    </datafield>
    <datafield ind1="0" ind2="2" tag="689">
      <subfield code="a">Quelle</subfield>
      <subfield code="0">(DE-588)4135952-5</subfield>
      <subfield code="D">s</subfield>
    </datafield>
    <datafield ind1="0" ind2=" " tag="689">
      <subfield code="5">DE-604</subfield>
    </datafield>
    <datafield ind1="1" ind2="0" tag="689">
      <subfield code="a">Arbeitsrecht</subfield>
      <subfield code="0">(DE-588)4002769-7</subfield>
      <subfield code="D">s</subfield>
    </datafield>
    <datafield ind1="1" ind2="1" tag="689">
      <subfield code="a">Quelle</subfield>
      <subfield code="0">(DE-588)4135952-5</subfield>
      <subfield code="D">s</subfield>
    </datafield>
    <datafield ind1="1" ind2=" " tag="689">
      <subfield code="5">DE-604</subfield>
    </datafield>
    <datafield ind1="1" ind2=" " tag="700">
      <subfield code="a">Richardi, Reinhard</subfield>
      <subfield code="d">1937-</subfield>
      <subfield code="e">Sonstige</subfield>
      <subfield code="0">(DE-588)120895846</subfield>
      <subfield code="4">oth</subfield>
    </datafield>
  </record>
  <record>
    <leader>00936nam a2200289 cb4500</leader>
    <controlfield tag="001">BV035711497</controlfield>
    <controlfield tag="003">DE-604</controlfield>
    <datafield ind1=" " ind2=" " tag="035">
      <subfield code="a">(OCoLC)631738638</subfield>
    </datafield>
    <datafield ind1=" " ind2=" " tag="035">
      <subfield code="a">(DE-599)BVBBV035711497</subfield>
    </datafield>
    <datafield ind1="1" ind2=" " tag="082">
      <subfield code="a">344.43010263</subfield>
      <subfield code="2">22//ger</subfield>
    </datafield>
    <datafield ind1="0" ind2=" " tag="082">
      <subfield code="a">344.43010263</subfield>
      <subfield code="2">22/ger</subfield>
    </datafield>
    <datafield ind1=" " ind2=" " tag="084">
      <subfield code="a">340</subfield>
      <subfield code="2">sdnb</subfield>
    </datafield>
    <datafield ind1=" " ind2=" " tag="084">
      <subfield code="a">PF 230</subfield>
      <subfield code="2">rvk</subfield>
    </datafield>
    <datafield ind1=" " ind2=" " tag="084">
      <subfield code="a">JUR 450f</subfield>
      <subfield code="2">stub</subfield>
    </datafield>
    <datafield ind1=" " ind2="4" tag="650">
      <subfield code="a">Recht</subfield>
    </datafield>
    <datafield ind1=" " ind2="4" tag="650">
      <subfield code="a">Employee rights</subfield>
      <subfield code="z">Germany</subfield>
    </datafield>
    <datafield ind1=" " ind2="4" tag="650">
      <subfield code="a">Industrial management</subfield>
      <subfield code="x">Employee participation</subfield>
      <subfield code="x">Law and legislation</subfield>
      <subfield code="z">Germany</subfield>
    </datafield>
    <datafield ind1=" " ind2="4" tag="650">
      <subfield code="a">Labor contract</subfield>
      <subfield code="z">Germany</subfield>
    </datafield>
    <datafield ind1=" " ind2="4" tag="650">
      <subfield code="a">Labor laws and legislation</subfield>
      <subfield code="z">Germany</subfield>
    </datafield>
    <datafield ind1="0" ind2="7" tag="650">
      <subfield code="a">Arbeitsrecht</subfield>
      <subfield code="0">(DE-588)4002769-7</subfield>
      <subfield code="2">gnd</subfield>
    </datafield>
    <datafield ind1=" " ind2="4" tag="651">
      <subfield code="a">Deutschland</subfield>
    </datafield>
    <datafield ind1=" " ind2="7" tag="651">
      <subfield code="a">Deutschland</subfield>
      <subfield code="0">(DE-588)4011882-4</subfield>
      <subfield code="2">gnd</subfield>
    </datafield>
    <datafield ind1=" " ind2="7" tag="655">
      <subfield code="0">(DE-588)4135952-5</subfield>
      <subfield code="a">Quelle</subfield>
      <subfield code="2">gnd-content</subfield>
    </datafield>
    <datafield ind1="0" ind2="0" tag="689">
      <subfield code="a">Deutschland</subfield>
      <subfield code="0">(DE-588)4011882-4</subfield>
      <subfield code="D">g</subfield>
    </datafield>
    <datafield ind1="0" ind2="1" tag="689">
      <subfield code="a">Arbeitsrecht</subfield>
      <subfield code="0">(DE-588)4002769-7</subfield>
      <subfield code="D">s</subfield>
    </datafield>
    <datafield ind1="0" ind2=" " tag="689">
      <subfield code="5">DE-604</subfield>
    </datafield>
    <datafield ind1="1" ind2=" " tag="700">
      <subfield code="a">Richardi, Reinhard</subfield>
      <subfield code="d">1937-</subfield>
      <subfield code="e">Sonstige</subfield>
      <subfield code="0">(DE-588)120895846</subfield>
      <subfield code="4">oth</subfield>
    </datafield>
  </record>
  <record>
    <leader>00950nam a2200205 c 4500</leader>
    <controlfield tag="001">960924191</controlfield>
    <controlfield tag="003">DE-101</controlfield>
    <datafield ind1=" " ind2=" " tag="035">
      <subfield code="a">(DE-599)DNB960924191</subfield>
    </datafield>
    <datafield ind1=" " ind2=" " tag="035">
      <subfield code="a">(OCoLC)76270385</subfield>
    </datafield>
    <datafield ind1=" " ind2=" " tag="084">
      <subfield code="a">19</subfield>
      <subfield code="a">18</subfield>
      <subfield code="a">340</subfield>
      <subfield code="a">360</subfield>
      <subfield code="q">DE-101</subfield>
      <subfield code="2">sdnb</subfield>
    </datafield>
    <datafield ind1=" " ind2=" " tag="084">
      <subfield code="a">7.11a</subfield>
      <subfield code="q">DE-101</subfield>
      <subfield code="2">sswd</subfield>
    </datafield>
    <datafield ind1=" " ind2="7" tag="650">
      <subfield code="0">(DE-588)4002769-7</subfield>
      <subfield code="0">http://d-nb.info/gnd/4002769-7</subfield>
      <subfield code="0">(DE-101)040027694</subfield>
      <subfield code="a">Arbeitsrecht</subfield>
      <subfield code="2">gnd</subfield>
    </datafield>
    <datafield ind1=" " ind2="7" tag="651">
      <subfield code="0">(DE-588)4011882-4</subfield>
      <subfield code="0">http://d-nb.info/gnd/4011882-4</subfield>
      <subfield code="0">(DE-101)040118827</subfield>
      <subfield code="a">Deutschland</subfield>
      <subfield code="2">gnd</subfield>
    </datafield>
    <datafield ind1=" " ind2="7" tag="655">
      <subfield code="0">(DE-588)4135952-5</subfield>
      <subfield code="0">http://d-nb.info/gnd/4135952-5</subfield>
      <subfield code="0">(DE-101)041359526</subfield>
      <subfield code="a">Quelle</subfield>
      <subfield code="2">gnd-content</subfield>
    </datafield>
    <datafield ind1=" " ind2="7" tag="655">
      <subfield code="a">Quelle</subfield>
      <subfield code="2">gnd</subfield>
    </datafield>
    <datafield ind1="0" ind2="0" tag="689">
      <subfield code="0">(DE-588)4011882-4</subfield>
      <subfield code="0">http://d-nb.info/gnd/4011882-4</subfield>
      <subfield code="0">(DE-101)040118827</subfield>
      <subfield code="D">g</subfield>
      <subfield code="a">Deutschland</subfield>
    </datafield>
    <datafield ind1="0" ind2="1" tag="689">
      <subfield code="0">(DE-588)4002769-7</subfield>
      <subfield code="0">http://d-nb.info/gnd/4002769-7</subfield>
      <subfield code="0">(DE-101)040027694</subfield>
      <subfield code="D">s</subfield>
      <subfield code="a">Arbeitsrecht</subfield>
    </datafield>
    <datafield ind1="0" ind2="2" tag="689">
      <subfield code="A">f</subfield>
      <subfield code="a">Quelle</subfield>
    </datafield>
    <datafield ind1="0" ind2=" " tag="689">
      <subfield code="5">DE-101</subfield>
      <subfield code="5">DE-101</subfield>
    </datafield>
    <datafield ind1="1" ind2=" " tag="700">
      <subfield code="0">(DE-588)120895846</subfield>
      <subfield code="0">http://d-nb.info/gnd/120895846</subfield>
      <subfield code="0">(DE-101)120895846</subfield>
      <subfield code="a">Richardi, Reinhard</subfield>
      <subfield code="d">1937-</subfield>
      <subfield code="e">Herausgeber</subfield>
      <subfield code="4">edt</subfield>
    </datafield>
  </record>
  <record>
    <leader>00950nam a2200205 c 4500</leader>
    <controlfield tag="001">963555308</controlfield>
    <controlfield tag="003">DE-101</controlfield>
    <datafield ind1=" " ind2=" " tag="035">
      <subfield code="a">(DE-599)DNB963555308</subfield>
    </datafield>
    <datafield ind1=" " ind2=" " tag="035">
      <subfield code="a">(OCoLC)76367857</subfield>
    </datafield>
    <datafield ind1=" " ind2=" " tag="084">
      <subfield code="a">19</subfield>
      <subfield code="a">18</subfield>
      <subfield code="a">340</subfield>
      <subfield code="a">360</subfield>
      <subfield code="q">DE-101</subfield>
      <subfield code="2">sdnb</subfield>
    </datafield>
    <datafield ind1=" " ind2=" " tag="084">
      <subfield code="a">7.11a</subfield>
      <subfield code="q">DE-101</subfield>
      <subfield code="2">sswd</subfield>
    </datafield>
    <datafield ind1=" " ind2="7" tag="650">
      <subfield code="0">(DE-588)4002769-7</subfield>
      <subfield code="0">http://d-nb.info/gnd/4002769-7</subfield>
      <subfield code="0">(DE-101)040027694</subfield>
      <subfield code="a">Arbeitsrecht</subfield>
      <subfield code="2">gnd</subfield>
    </datafield>
    <datafield ind1=" " ind2="7" tag="651">
      <subfield code="0">(DE-588)4011882-4</subfield>
      <subfield code="0">http://d-nb.info/gnd/4011882-4</subfield>
      <subfield code="0">(DE-101)040118827</subfield>
      <subfield code="a">Deutschland</subfield>
      <subfield code="2">gnd</subfield>
    </datafield>
    <datafield ind1=" " ind2="7" tag="655">
      <subfield code="0">(DE-588)4135952-5</subfield>
      <subfield code="0">http://d-nb.info/gnd/4135952-5</subfield>
      <subfield code="0">(DE-101)041359526</subfield>
      <subfield code="a">Quelle</subfield>
      <subfield code="2">gnd-content</subfield>
    </datafield>
    <datafield ind1=" " ind2="7" tag="655">
      <subfield code="a">Quelle</subfield>
      <subfield code="2">gnd</subfield>
    </datafield>
    <datafield ind1="0" ind2="0" tag="689">
      <subfield code="0">(DE-588)4011882-4</subfield>
      <subfield code="0">http://d-nb.info/gnd/4011882-4</subfield>
      <subfield code="0">(DE-101)040118827</subfield>
      <subfield code="D">g</subfield>
      <subfield code="a">Deutschland</subfield>
    </datafield>
    <datafield ind1="0" ind2="1" tag="689">
      <subfield code="0">(DE-588)4002769-7</subfield>
      <subfield code="0">http://d-nb.info/gnd/4002769-7</subfield>
      <subfield code="0">(DE-101)040027694</subfield>
      <subfield code="D">s</subfield>
      <subfield code="a">Arbeitsrecht</subfield>
    </datafield>
    <datafield ind1="0" ind2="2" tag="689">
      <subfield code="A">f</subfield>
      <subfield code="a">Quelle</subfield>
    </datafield>
    <datafield ind1="0" ind2=" " tag="689">
      <subfield code="5">DE-101</subfield>
      <subfield code="5">DE-101</subfield>
    </datafield>
    <datafield ind1="1" ind2=" " tag="700">
      <subfield code="0">(DE-588)120895846</subfield>
      <subfield code="0">http://d-nb.info/gnd/120895846</subfield>
      <subfield code="0">(DE-101)120895846</subfield>
      <subfield code="a">Richardi, Reinhard</subfield>
      <subfield code="d">1937-</subfield>
      <subfield code="e">Herausgeber</subfield>
      <subfield code="4">edt</subfield>
    </datafield>
  </record>
  <record>
    <leader>00950nam a2200205 c 4500</leader>
    <controlfield tag="001">964527375</controlfield>
    <controlfield tag="003">DE-101</controlfield>
    <datafield ind1=" " ind2=" " tag="035">
      <subfield code="a">(DE-599)DNB964527375</subfield>
    </datafield>
    <datafield ind1=" " ind2=" " tag="035">
      <subfield code="a">(OCoLC)76338353</subfield>
    </datafield>
    <datafield ind1=" " ind2=" " tag="084">
      <subfield code="a">19</subfield>
      <subfield code="a">18</subfield>
      <subfield code="a">340</subfield>
      <subfield code="a">360</subfield>
      <subfield code="q">DE-101</subfield>
      <subfield code="2">sdnb</subfield>
    </datafield>
    <datafield ind1=" " ind2=" " tag="084">
      <subfield code="a">7.11a</subfield>
      <subfield code="q">DE-101</subfield>
      <subfield code="2">sswd</subfield>
    </datafield>
    <datafield ind1=" " ind2="7" tag="650">
      <subfield code="0">(DE-588)4002769-7</subfield>
      <subfield code="0">http://d-nb.info/gnd/4002769-7</subfield>
      <subfield code="0">(DE-101)040027694</subfield>
      <subfield code="a">Arbeitsrecht</subfield>
      <subfield code="2">gnd</subfield>
    </datafield>
    <datafield ind1=" " ind2="7" tag="651">
      <subfield code="0">(DE-588)4011882-4</subfield>
      <subfield code="0">http://d-nb.info/gnd/4011882-4</subfield>
      <subfield code="0">(DE-101)040118827</subfield>
      <subfield code="a">Deutschland</subfield>
      <subfield code="2">gnd</subfield>
    </datafield>
    <datafield ind1=" " ind2="7" tag="655">
      <subfield code="0">(DE-588)4135952-5</subfield>
      <subfield code="0">http://d-nb.info/gnd/4135952-5</subfield>
      <subfield code="0">(DE-101)041359526</subfield>
      <subfield code="a">Quelle</subfield>
      <subfield code="2">gnd-content</subfield>
    </datafield>
    <datafield ind1=" " ind2="7" tag="655">
      <subfield code="a">Quelle</subfield>
      <subfield code="2">gnd</subfield>
    </datafield>
    <datafield ind1="0" ind2="0" tag="689">
      <subfield code="0">(DE-588)4011882-4</subfield>
      <subfield code="0">http://d-nb.info/gnd/4011882-4</subfield>
      <subfield code="0">(DE-101)040118827</subfield>
      <subfield code="D">g</subfield>
      <subfield code="a">Deutschland</subfield>
    </datafield>
    <datafield ind1="0" ind2="1" tag="689">
      <subfield code="0">(DE-588)4002769-7</subfield>
      <subfield code="0">http://d-nb.info/gnd/4002769-7</subfield>
      <subfield code="0">(DE-101)040027694</subfield>
      <subfield code="D">s</subfield>
      <subfield code="a">Arbeitsrecht</subfield>
    </datafield>
    <datafield ind1="0" ind2="2" tag="689">
      <subfield code="A">f</subfield>
      <subfield code="a">Quelle</subfield>
    </datafield>
    <datafield ind1="0" ind2=" " tag="689">
      <subfield code="5">DE-101</subfield>
      <subfield code="5">DE-101</subfield>
    </datafield>
    <datafield ind1="1" ind2=" " tag="700">
      <subfield code="0">(DE-588)120895846</subfield>
      <subfield code="0">http://d-nb.info/gnd/120895846</subfield>
      <subfield code="0">(DE-101)120895846</subfield>
      <subfield code="a">Richardi, Reinhard</subfield>
      <subfield code="d">1937-</subfield>
      <subfield code="e">Herausgeber</subfield>
      <subfield code="4">edt</subfield>
    </datafield>
  </record>
  <record>
    <leader>00950nam a2200205 c 4500</leader>
    <controlfield tag="001">965616991</controlfield>
    <controlfield tag="003">DE-101</controlfield>
    <datafield ind1=" " ind2=" " tag="035">
      <subfield code="a">(DE-599)DNB965616991</subfield>
    </datafield>
    <datafield ind1=" " ind2=" " tag="035">
      <subfield code="a">(OCoLC)76440854</subfield>
    </datafield>
    <datafield ind1=" " ind2=" " tag="084">
      <subfield code="a">19</subfield>
      <subfield code="a">18</subfield>
      <subfield code="a">340</subfield>
      <subfield code="a">360</subfield>
      <subfield code="q">DE-101</subfield>
      <subfield code="2">sdnb</subfield>
    </datafield>
    <datafield ind1=" " ind2=" " tag="084">
      <subfield code="a">7.11a</subfield>
      <subfield code="q">DE-101</subfield>
      <subfield code="2">sswd</subfield>
    </datafield>
    <datafield ind1=" " ind2="7" tag="650">
      <subfield code="0">(DE-588)4002769-7</subfield>
      <subfield code="0">http://d-nb.info/gnd/4002769-7</subfield>
      <subfield code="0">(DE-101)040027694</subfield>
      <subfield code="a">Arbeitsrecht</subfield>
      <subfield code="2">gnd</subfield>
    </datafield>
    <datafield ind1=" " ind2="7" tag="651">
      <subfield code="0">(DE-588)4011882-4</subfield>
      <subfield code="0">http://d-nb.info/gnd/4011882-4</subfield>
      <subfield code="0">(DE-101)040118827</subfield>
      <subfield code="a">Deutschland</subfield>
      <subfield code="2">gnd</subfield>
    </datafield>
    <datafield ind1=" " ind2="7" tag="655">
      <subfield code="0">(DE-588)4135952-5</subfield>
      <subfield code="0">http://d-nb.info/gnd/4135952-5</subfield>
      <subfield code="0">(DE-101)041359526</subfield>
      <subfield code="a">Quelle</subfield>
      <subfield code="2">gnd-content</subfield>
    </datafield>
    <datafield ind1=" " ind2="7" tag="655">
      <subfield code="a">Quelle</subfield>
      <subfield code="2">gnd</subfield>
    </datafield>
    <datafield ind1="0" ind2="0" tag="689">
      <subfield code="0">(DE-588)4011882-4</subfield>
      <subfield code="0">http://d-nb.info/gnd/4011882-4</subfield>
      <subfield code="0">(DE-101)040118827</subfield>
      <subfield code="D">g</subfield>
      <subfield code="a">Deutschland</subfield>
    </datafield>
    <datafield ind1="0" ind2="1" tag="689">
      <subfield code="0">(DE-588)4002769-7</subfield>
      <subfield code="0">http://d-nb.info/gnd/4002769-7</subfield>
      <subfield code="0">(DE-101)040027694</subfield>
      <subfield code="D">s</subfield>
      <subfield code="a">Arbeitsrecht</subfield>
    </datafield>
    <datafield ind1="0" ind2="2" tag="689">
      <subfield code="A">f</subfield>
      <subfield code="a">Quelle</subfield>
    </datafield>
    <datafield ind1="0" ind2=" " tag="689">
      <subfield code="5">DE-101</subfield>
      <subfield code="5">DE-101</subfield>
    </datafield>
    <datafield ind1="1" ind2=" " tag="700">
      <subfield code="0">(DE-588)120895846</subfield>
      <subfield code="0">http://d-nb.info/gnd/120895846</subfield>
      <subfield code="0">(DE-101)120895846</subfield>
      <subfield code="a">Richardi, Reinhard</subfield>
      <subfield code="d">1937-</subfield>
      <subfield code="e">Herausgeber</subfield>
      <subfield code="4">edt</subfield>
    </datafield>
  </record>
  <record>
    <leader>00951nam a2200205 c 4500</leader>
    <controlfield tag="001">967772710</controlfield>
    <controlfield tag="003">DE-101</controlfield>
    <datafield ind1=" " ind2=" " tag="035">
      <subfield code="a">(DE-599)DNB967772710</subfield>
    </datafield>
    <datafield ind1=" " ind2=" " tag="035">
      <subfield code="a">(OCoLC)216911289</subfield>
    </datafield>
    <datafield ind1=" " ind2=" " tag="084">
      <subfield code="a">19</subfield>
      <subfield code="a">18</subfield>
      <subfield code="a">340</subfield>
      <subfield code="a">360</subfield>
      <subfield code="q">DE-101</subfield>
      <subfield code="2">sdnb</subfield>
    </datafield>
    <datafield ind1=" " ind2=" " tag="084">
      <subfield code="a">7.11a</subfield>
      <subfield code="q">DE-101</subfield>
      <subfield code="2">sswd</subfield>
    </datafield>
    <datafield ind1=" " ind2="7" tag="650">
      <subfield code="0">(DE-588)4002769-7</subfield>
      <subfield code="0">http://d-nb.info/gnd/4002769-7</subfield>
      <subfield code="0">(DE-101)040027694</subfield>
      <subfield code="a">Arbeitsrecht</subfield>
      <subfield code="2">gnd</subfield>
    </datafield>
    <datafield ind1=" " ind2="7" tag="651">
      <subfield code="0">(DE-588)4011882-4</subfield>
      <subfield code="0">http://d-nb.info/gnd/4011882-4</subfield>
      <subfield code="0">(DE-101)040118827</subfield>
      <subfield code="a">Deutschland</subfield>
      <subfield code="2">gnd</subfield>
    </datafield>
    <datafield ind1=" " ind2="7" tag="655">
      <subfield code="0">(DE-588)4135952-5</subfield>
      <subfield code="0">http://d-nb.info/gnd/4135952-5</subfield>
      <subfield code="0">(DE-101)041359526</subfield>
      <subfield code="a">Quelle</subfield>
      <subfield code="2">gnd-content</subfield>
    </datafield>
    <datafield ind1=" " ind2="7" tag="655">
      <subfield code="a">Quelle</subfield>
      <subfield code="2">gnd</subfield>
    </datafield>
    <datafield ind1="0" ind2="0" tag="689">
      <subfield code="0">(DE-588)4011882-4</subfield>
      <subfield code="0">http://d-nb.info/gnd/4011882-4</subfield>
      <subfield code="0">(DE-101)040118827</subfield>
      <subfield code="D">g</subfield>
      <subfield code="a">Deutschland</subfield>
    </datafield>
    <datafield ind1="0" ind2="1" tag="689">
      <subfield code="0">(DE-588)4002769-7</subfield>
      <subfield code="0">http://d-nb.info/gnd/4002769-7</subfield>
      <subfield code="0">(DE-101)040027694</subfield>
      <subfield code="D">s</subfield>
      <subfield code="a">Arbeitsrecht</subfield>
    </datafield>
    <datafield ind1="0" ind2="2" tag="689">
      <subfield code="A">f</subfield>
      <subfield code="a">Quelle</subfield>
    </datafield>
    <datafield ind1="0" ind2=" " tag="689">
      <subfield code="5">DE-101</subfield>
      <subfield code="5">DE-101</subfield>
    </datafield>
    <datafield ind1="1" ind2=" " tag="700">
      <subfield code="0">(DE-588)120895846</subfield>
      <subfield code="0">http://d-nb.info/gnd/120895846</subfield>
      <subfield code="0">(DE-101)120895846</subfield>
      <subfield code="a">Richardi, Reinhard</subfield>
      <subfield code="d">1937-</subfield>
      <subfield code="e">Herausgeber</subfield>
      <subfield code="4">edt</subfield>
    </datafield>
  </record>
  <record>
    <leader>00954nam a2200205 c 4500</leader>
    <controlfield tag="001">988029200</controlfield>
    <controlfield tag="003">DE-101</controlfield>
    <datafield ind1=" " ind2=" " tag="035">
      <subfield code="a">(DE-599)DNB988029200</subfield>
    </datafield>
    <datafield ind1=" " ind2=" " tag="035">
      <subfield code="a">(OCoLC)219184553</subfield>
    </datafield>
    <datafield ind1="0" ind2="4" tag="082">
      <subfield code="8">1\u</subfield>
      <subfield code="a">344.43010263</subfield>
      <subfield code="q">DE-101</subfield>
      <subfield code="2">22/ger</subfield>
    </datafield>
    <datafield ind1="7" ind2=" " tag="083">
      <subfield code="a">340</subfield>
      <subfield code="q">DE-101</subfield>
      <subfield code="2">22sdnb</subfield>
    </datafield>
    <datafield ind1=" " ind2="7" tag="650">
      <subfield code="0">(DE-588)4002769-7</subfield>
      <subfield code="0">http://d-nb.info/gnd/4002769-7</subfield>
      <subfield code="0">(DE-101)040027694</subfield>
      <subfield code="a">Arbeitsrecht</subfield>
      <subfield code="2">gnd</subfield>
    </datafield>
    <datafield ind1=" " ind2="7" tag="651">
      <subfield code="0">(DE-588)4011882-4</subfield>
      <subfield code="0">http://d-nb.info/gnd/4011882-4</subfield>
      <subfield code="0">(DE-101)040118827</subfield>
      <subfield code="a">Deutschland</subfield>
      <subfield code="2">gnd</subfield>
    </datafield>
    <datafield ind1=" " ind2="7" tag="655">
      <subfield code="0">(DE-588)4135952-5</subfield>
      <subfield code="0">http://d-nb.info/gnd/4135952-5</subfield>
      <subfield code="0">(DE-101)041359526</subfield>
      <subfield code="a">Quelle</subfield>
      <subfield code="2">gnd-content</subfield>
    </datafield>
    <datafield ind1=" " ind2="7" tag="655">
      <subfield code="a">Quelle</subfield>
      <subfield code="2">gnd</subfield>
    </datafield>
    <datafield ind1="0" ind2="0" tag="689">
      <subfield code="0">(DE-588)4011882-4</subfield>
      <subfield code="0">http://d-nb.info/gnd/4011882-4</subfield>
      <subfield code="0">(DE-101)040118827</subfield>
      <subfield code="D">g</subfield>
      <subfield code="a">Deutschland</subfield>
    </datafield>
    <datafield ind1="0" ind2="1" tag="689">
      <subfield code="0">(DE-588)4002769-7</subfield>
      <subfield code="0">http://d-nb.info/gnd/4002769-7</subfield>
      <subfield code="0">(DE-101)040027694</subfield>
      <subfield code="D">s</subfield>
      <subfield code="a">Arbeitsrecht</subfield>
    </datafield>
    <datafield ind1="0" ind2="2" tag="689">
      <subfield code="A">f</subfield>
      <subfield code="a">Quelle</subfield>
    </datafield>
    <datafield ind1="0" ind2=" " tag="689">
      <subfield code="5">DE-101</subfield>
      <subfield code="5">DE-101</subfield>
    </datafield>
    <datafield ind1="1" ind2=" " tag="700">
      <subfield code="0">(DE-588)120895846</subfield>
      <subfield code="0">http://d-nb.info/gnd/120895846</subfield>
      <subfield code="0">(DE-101)120895846</subfield>
      <subfield code="a">Richardi, Reinhard</subfield>
      <subfield code="d">1937-</subfield>
      <subfield code="e">Herausgeber</subfield>
      <subfield code="4">edt</subfield>
    </datafield>
  </record>
  <record>
    <leader>00954nam a2200205 c 4500</leader>
    <controlfield tag="001">988029367</controlfield>
    <controlfield tag="003">DE-101</controlfield>
    <datafield ind1=" " ind2=" " tag="035">
      <subfield code="a">(DE-599)DNB988029367</subfield>
    </datafield>
    <datafield ind1=" " ind2=" " tag="035">
      <subfield code="a">(OCoLC)229961696</subfield>
    </datafield>
    <datafield ind1="0" ind2="4" tag="082">
      <subfield code="8">1\u</subfield>
      <subfield code="a">344.43010263</subfield>
      <subfield code="q">DE-101</subfield>
      <subfield code="2">22/ger</subfield>
    </datafield>
    <datafield ind1="7" ind2=" " tag="083">
      <subfield code="a">340</subfield>
      <subfield code="q">DE-101</subfield>
      <subfield code="2">22sdnb</subfield>
    </datafield>
    <datafield ind1=" " ind2="7" tag="650">
      <subfield code="0">(DE-588)4002769-7</subfield>
      <subfield code="0">http://d-nb.info/gnd/4002769-7</subfield>
      <subfield code="0">(DE-101)040027694</subfield>
      <subfield code="a">Arbeitsrecht</subfield>
      <subfield code="2">gnd</subfield>
    </datafield>
    <datafield ind1=" " ind2="7" tag="651">
      <subfield code="0">(DE-588)4011882-4</subfield>
      <subfield code="0">http://d-nb.info/gnd/4011882-4</subfield>
      <subfield code="0">(DE-101)040118827</subfield>
      <subfield code="a">Deutschland</subfield>
      <subfield code="2">gnd</subfield>
    </datafield>
    <datafield ind1=" " ind2="7" tag="655">
      <subfield code="0">(DE-588)4135952-5</subfield>
      <subfield code="0">http://d-nb.info/gnd/4135952-5</subfield>
      <subfield code="0">(DE-101)041359526</subfield>
      <subfield code="a">Quelle</subfield>
      <subfield code="2">gnd-content</subfield>
    </datafield>
    <datafield ind1=" " ind2="7" tag="655">
      <subfield code="a">Quelle</subfield>
      <subfield code="2">gnd</subfield>
    </datafield>
    <datafield ind1="0" ind2="0" tag="689">
      <subfield code="0">(DE-588)4011882-4</subfield>
      <subfield code="0">http://d-nb.info/gnd/4011882-4</subfield>
      <subfield code="0">(DE-101)040118827</subfield>
      <subfield code="D">g</subfield>
      <subfield code="a">Deutschland</subfield>
    </datafield>
    <datafield ind1="0" ind2="1" tag="689">
      <subfield code="0">(DE-588)4002769-7</subfield>
      <subfield code="0">http://d-nb.info/gnd/4002769-7</subfield>
      <subfield code="0">(DE-101)040027694</subfield>
      <subfield code="D">s</subfield>
      <subfield code="a">Arbeitsrecht</subfield>
    </datafield>
    <datafield ind1="0" ind2="2" tag="689">
      <subfield code="A">f</subfield>
      <subfield code="a">Quelle</subfield>
    </datafield>
    <datafield ind1="0" ind2=" " tag="689">
      <subfield code="5">DE-101</subfield>
      <subfield code="5">DE-101</subfield>
    </datafield>
    <datafield ind1="1" ind2=" " tag="700">
      <subfield code="0">(DE-588)120895846</subfield>
      <subfield code="0">http://d-nb.info/gnd/120895846</subfield>
      <subfield code="0">(DE-101)120895846</subfield>
      <subfield code="a">Richardi, Reinhard</subfield>
      <subfield code="d">1937-</subfield>
      <subfield code="e">Herausgeber</subfield>
      <subfield code="4">edt</subfield>
    </datafield>
  </record>
  <record>
    <leader>00954nam a2200205 c 4500</leader>
    <controlfield tag="001">988090538</controlfield>
    <controlfield tag="003">DE-101</controlfield>
    <datafield ind1=" " ind2=" " tag="035">
      <subfield code="a">(DE-599)DNB988090538</subfield>
    </datafield>
    <datafield ind1=" " ind2=" " tag="035">
      <subfield code="a">(OCoLC)162451782</subfield>
    </datafield>
    <datafield ind1="0" ind2="4" tag="082">
      <subfield code="8">1\u</subfield>
      <subfield code="a">344.43010263</subfield>
      <subfield code="q">DE-101</subfield>
      <subfield code="2">22/ger</subfield>
    </datafield>
    <datafield ind1="7" ind2=" " tag="083">
      <subfield code="a">340</subfield>
      <subfield code="q">DE-101</subfield>
      <subfield code="2">22sdnb</subfield>
    </datafield>
    <datafield ind1=" " ind2="7" tag="650">
      <subfield code="0">(DE-588)4002769-7</subfield>
      <subfield code="0">http://d-nb.info/gnd/4002769-7</subfield>
      <subfield code="0">(DE-101)040027694</subfield>
      <subfield code="a">Arbeitsrecht</subfield>
      <subfield code="2">gnd</subfield>
    </datafield>
    <datafield ind1=" " ind2="7" tag="651">
      <subfield code="0">(DE-588)4011882-4</subfield>
      <subfield code="0">http://d-nb.info/gnd/4011882-4</subfield>
      <subfield code="0">(DE-101)040118827</subfield>
      <subfield code="a">Deutschland</subfield>
      <subfield code="2">gnd</subfield>
    </datafield>
    <datafield ind1=" " ind2="7" tag="655">
      <subfield code="0">(DE-588)4135952-5</subfield>
      <subfield code="0">http://d-nb.info/gnd/4135952-5</subfield>
      <subfield code="0">(DE-101)041359526</subfield>
      <subfield code="a">Quelle</subfield>
      <subfield code="2">gnd-content</subfield>
    </datafield>
    <datafield ind1=" " ind2="7" tag="655">
      <subfield code="a">Quelle</subfield>
      <subfield code="2">gnd</subfield>
    </datafield>
    <datafield ind1="0" ind2="0" tag="689">
      <subfield code="0">(DE-588)4011882-4</subfield>
      <subfield code="0">http://d-nb.info/gnd/4011882-4</subfield>
      <subfield code="0">(DE-101)040118827</subfield>
      <subfield code="D">g</subfield>
      <subfield code="a">Deutschland</subfield>
    </datafield>
    <datafield ind1="0" ind2="1" tag="689">
      <subfield code="0">(DE-588)4002769-7</subfield>
      <subfield code="0">http://d-nb.info/gnd/4002769-7</subfield>
      <subfield code="0">(DE-101)040027694</subfield>
      <subfield code="D">s</subfield>
      <subfield code="a">Arbeitsrecht</subfield>
    </datafield>
    <datafield ind1="0" ind2="2" tag="689">
      <subfield code="A">f</subfield>
      <subfield code="a">Quelle</subfield>
    </datafield>
    <datafield ind1="0" ind2=" " tag="689">
      <subfield code="5">DE-101</subfield>
      <subfield code="5">DE-101</subfield>
    </datafield>
    <datafield ind1="1" ind2=" " tag="700">
      <subfield code="0">(DE-588)120895846</subfield>
      <subfield code="0">http://d-nb.info/gnd/120895846</subfield>
      <subfield code="0">(DE-101)120895846</subfield>
      <subfield code="a">Richardi, Reinhard</subfield>
      <subfield code="d">1937-</subfield>
      <subfield code="e">Herausgeber</subfield>
      <subfield code="4">edt</subfield>
    </datafield>
  </record>
  <record>
    <leader>00954nam a2200205 c 4500</leader>
    <controlfield tag="001">990368254</controlfield>
    <controlfield tag="003">DE-101</controlfield>
    <datafield ind1=" " ind2=" " tag="035">
      <subfield code="a">(DE-599)DNB990368254</subfield>
    </datafield>
    <datafield ind1=" " ind2=" " tag="035">
      <subfield code="a">(OCoLC)229961696</subfield>
    </datafield>
    <datafield ind1="0" ind2="4" tag="082">
      <subfield code="8">1\u</subfield>
      <subfield code="a">344.43010263</subfield>
      <subfield code="q">DE-101</subfield>
      <subfield code="2">22/ger</subfield>
    </datafield>
    <datafield ind1="7" ind2=" " tag="083">
      <subfield code="a">340</subfield>
      <subfield code="q">DE-101</subfield>
      <subfield code="2">22sdnb</subfield>
    </datafield>
    <datafield ind1=" " ind2="7" tag="650">
      <subfield code="0">(DE-588)4002769-7</subfield>
      <subfield code="0">http://d-nb.info/gnd/4002769-7</subfield>
      <subfield code="0">(DE-101)040027694</subfield>
      <subfield code="a">Arbeitsrecht</subfield>
      <subfield code="2">gnd</subfield>
    </datafield>
    <datafield ind1=" " ind2="7" tag="651">
      <subfield code="0">(DE-588)4011882-4</subfield>
      <subfield code="0">http://d-nb.info/gnd/4011882-4</subfield>
      <subfield code="0">(DE-101)040118827</subfield>
      <subfield code="a">Deutschland</subfield>
      <subfield code="2">gnd</subfield>
    </datafield>
    <datafield ind1=" " ind2="7" tag="655">
      <subfield code="0">(DE-588)4135952-5</subfield>
      <subfield code="0">http://d-nb.info/gnd/4135952-5</subfield>
      <subfield code="0">(DE-101)041359526</subfield>
      <subfield code="a">Quelle</subfield>
      <subfield code="2">gnd-content</subfield>
    </datafield>
    <datafield ind1=" " ind2="7" tag="655">
      <subfield code="a">Quelle</subfield>
      <subfield code="2">gnd</subfield>
    </datafield>
    <datafield ind1="0" ind2="0" tag="689">
      <subfield code="0">(DE-588)4011882-4</subfield>
      <subfield code="0">http://d-nb.info/gnd/4011882-4</subfield>
      <subfield code="0">(DE-101)040118827</subfield>
      <subfield code="D">g</subfield>
      <subfield code="a">Deutschland</subfield>
    </datafield>
    <datafield ind1="0" ind2="1" tag="689">
      <subfield code="0">(DE-588)4002769-7</subfield>
      <subfield code="0">http://d-nb.info/gnd/4002769-7</subfield>
      <subfield code="0">(DE-101)040027694</subfield>
      <subfield code="D">s</subfield>
      <subfield code="a">Arbeitsrecht</subfield>
    </datafield>
    <datafield ind1="0" ind2="2" tag="689">
      <subfield code="A">f</subfield>
      <subfield code="a">Quelle</subfield>
    </datafield>
    <datafield ind1="0" ind2=" " tag="689">
      <subfield code="5">DE-101</subfield>
      <subfield code="5">DE-101</subfield>
    </datafield>
    <datafield ind1="1" ind2=" " tag="700">
      <subfield code="0">(DE-588)120895846</subfield>
      <subfield code="0">http://d-nb.info/gnd/120895846</subfield>
      <subfield code="0">(DE-101)120895846</subfield>
      <subfield code="a">Richardi, Reinhard</subfield>
      <subfield code="d">1937-</subfield>
      <subfield code="e">Herausgeber</subfield>
      <subfield code="4">edt</subfield>
    </datafield>
  </record>
  <record>
    <leader>00954nam a2200205 c 4500</leader>
    <controlfield tag="001">993010563</controlfield>
    <controlfield tag="003">DE-101</controlfield>
    <datafield ind1=" " ind2=" " tag="035">
      <subfield code="a">(DE-599)DNB993010563</subfield>
    </datafield>
    <datafield ind1=" " ind2=" " tag="035">
      <subfield code="a">(OCoLC)316588654</subfield>
    </datafield>
    <datafield ind1="0" ind2="4" tag="082">
      <subfield code="8">1\u</subfield>
      <subfield code="a">344.43010263</subfield>
      <subfield code="q">DE-101</subfield>
      <subfield code="2">22/ger</subfield>
    </datafield>
    <datafield ind1="7" ind2=" " tag="083">
      <subfield code="a">340</subfield>
      <subfield code="q">DE-101</subfield>
      <subfield code="2">22sdnb</subfield>
    </datafield>
    <datafield ind1=" " ind2="7" tag="650">
      <subfield code="0">(DE-588)4002769-7</subfield>
      <subfield code="0">http://d-nb.info/gnd/4002769-7</subfield>
      <subfield code="0">(DE-101)040027694</subfield>
      <subfield code="a">Arbeitsrecht</subfield>
      <subfield code="2">gnd</subfield>
    </datafield>
    <datafield ind1=" " ind2="7" tag="651">
      <subfield code="0">(DE-588)4011882-4</subfield>
      <subfield code="0">http://d-nb.info/gnd/4011882-4</subfield>
      <subfield code="0">(DE-101)040118827</subfield>
      <subfield code="a">Deutschland</subfield>
      <subfield code="2">gnd</subfield>
    </datafield>
    <datafield ind1=" " ind2="7" tag="655">
      <subfield code="0">(DE-588)4135952-5</subfield>
      <subfield code="0">http://d-nb.info/gnd/4135952-5</subfield>
      <subfield code="0">(DE-101)041359526</subfield>
      <subfield code="a">Quelle</subfield>
      <subfield code="2">gnd-content</subfield>
    </datafield>
    <datafield ind1=" " ind2="7" tag="655">
      <subfield code="a">Quelle</subfield>
      <subfield code="2">gnd</subfield>
    </datafield>
    <datafield ind1="0" ind2="0" tag="689">
      <subfield code="0">(DE-588)4011882-4</subfield>
      <subfield code="0">http://d-nb.info/gnd/4011882-4</subfield>
      <subfield code="0">(DE-101)040118827</subfield>
      <subfield code="D">g</subfield>
      <subfield code="a">Deutschland</subfield>
    </datafield>
    <datafield ind1="0" ind2="1" tag="689">
      <subfield code="0">(DE-588)4002769-7</subfield>
      <subfield code="0">http://d-nb.info/gnd/4002769-7</subfield>
      <subfield code="0">(DE-101)040027694</subfield>
      <subfield code="D">s</subfield>
      <subfield code="a">Arbeitsrecht</subfield>
    </datafield>
    <datafield ind1="0" ind2="2" tag="689">
      <subfield code="A">f</subfield>
      <subfield code="a">Quelle</subfield>
    </datafield>
    <datafield ind1="0" ind2=" " tag="689">
      <subfield code="5">DE-101</subfield>
      <subfield code="5">DE-101</subfield>
    </datafield>
    <datafield ind1="1" ind2=" " tag="700">
      <subfield code="0">(DE-588)120895846</subfield>
      <subfield code="0">http://d-nb.info/gnd/120895846</subfield>
      <subfield code="0">(DE-101)120895846</subfield>
      <subfield code="a">Richardi, Reinhard</subfield>
      <subfield code="d">1937-</subfield>
      <subfield code="e">Herausgeber</subfield>
      <subfield code="4">edt</subfield>
    </datafield>
  </record>
  <record>
    <leader>00954nam a2200205 c 4500</leader>
    <controlfield tag="001">996582002</controlfield>
    <controlfield tag="003">DE-101</controlfield>
    <datafield ind1=" " ind2=" " tag="035">
      <subfield code="a">(DE-599)DNB996582002</subfield>
    </datafield>
    <datafield ind1=" " ind2=" " tag="035">
      <subfield code="a">(OCoLC)439766826</subfield>
    </datafield>
    <datafield ind1="0" ind2="4" tag="082">
      <subfield code="8">1\u</subfield>
      <subfield code="a">344.43010263</subfield>
      <subfield code="q">DE-101</subfield>
      <subfield code="2">22/ger</subfield>
    </datafield>
    <datafield ind1="7" ind2=" " tag="083">
      <subfield code="a">340</subfield>
      <subfield code="q">DE-101</subfield>
      <subfield code="2">22sdnb</subfield>
    </datafield>
    <datafield ind1=" " ind2="7" tag="650">
      <subfield code="0">(DE-588)4002769-7</subfield>
      <subfield code="0">http://d-nb.info/gnd/4002769-7</subfield>
      <subfield code="0">(DE-101)040027694</subfield>
      <subfield code="a">Arbeitsrecht</subfield>
      <subfield code="2">gnd</subfield>
    </datafield>
    <datafield ind1=" " ind2="7" tag="651">
      <subfield code="0">(DE-588)4011882-4</subfield>
      <subfield code="0">http://d-nb.info/gnd/4011882-4</subfield>
      <subfield code="0">(DE-101)040118827</subfield>
      <subfield code="a">Deutschland</subfield>
      <subfield code="2">gnd</subfield>
    </datafield>
    <datafield ind1=" " ind2="7" tag="655">
      <subfield code="0">(DE-588)4135952-5</subfield>
      <subfield code="0">http://d-nb.info/gnd/4135952-5</subfield>
      <subfield code="0">(DE-101)041359526</subfield>
      <subfield code="a">Quelle</subfield>
      <subfield code="2">gnd-content</subfield>
    </datafield>
    <datafield ind1=" " ind2="7" tag="655">
      <subfield code="a">Quelle</subfield>
      <subfield code="2">gnd</subfield>
    </datafield>
    <datafield ind1="0" ind2="0" tag="689">
      <subfield code="0">(DE-588)4011882-4</subfield>
      <subfield code="0">http://d-nb.info/gnd/4011882-4</subfield>
      <subfield code="0">(DE-101)040118827</subfield>
      <subfield code="D">g</subfield>
      <subfield code="a">Deutschland</subfield>
    </datafield>
    <datafield ind1="0" ind2="1" tag="689">
      <subfield code="0">(DE-588)4002769-7</subfield>
      <subfield code="0">http://d-nb.info/gnd/4002769-7</subfield>
      <subfield code="0">(DE-101)040027694</subfield>
      <subfield code="D">s</subfield>
      <subfield code="a">Arbeitsrecht</subfield>
    </datafield>
    <datafield ind1="0" ind2="2" tag="689">
      <subfield code="A">f</subfield>
      <subfield code="a">Quelle</subfield>
    </datafield>
    <datafield ind1="0" ind2=" " tag="689">
      <subfield code="5">DE-101</subfield>
      <subfield code="5">DE-101</subfield>
    </datafield>
    <datafield ind1="1" ind2=" " tag="700">
      <subfield code="0">(DE-588)120895846</subfield>
      <subfield code="0">http://d-nb.info/gnd/120895846</subfield>
      <subfield code="0">(DE-101)120895846</subfield>
      <subfield code="a">Richardi, Reinhard</subfield>
      <subfield code="d">1937-</subfield>
      <subfield code="e">Herausgeber</subfield>
      <subfield code="4">edt</subfield>
    </datafield>
  </record>
  <record>
    <leader>00956nam a2200205 c 4500</leader>
    <controlfield tag="001">956087833</controlfield>
    <controlfield tag="003">DE-101</controlfield>
    <datafield ind1=" " ind2=" " tag="035">
      <subfield code="a">(DE-599)DNB956087833</subfield>
    </datafield>
    <datafield ind1=" " ind2=" " tag="035">
      <subfield code="a">(OCoLC)76030512</subfield>
    </datafield>
    <datafield ind1=" " ind2=" " tag="084">
      <subfield code="a">19</subfield>
      <subfield code="a">18</subfield>
      <subfield code="a">340</subfield>
      <subfield code="a">360</subfield>
      <subfield code="q">DE-101</subfield>
      <subfield code="2">sdnb</subfield>
    </datafield>
    <datafield ind1=" " ind2=" " tag="084">
      <subfield code="a">7.11a</subfield>
      <subfield code="a">7.8c</subfield>
      <subfield code="q">DE-101</subfield>
      <subfield code="2">sswd</subfield>
    </datafield>
    <datafield ind1=" " ind2="7" tag="650">
      <subfield code="0">(DE-588)4002769-7</subfield>
      <subfield code="0">http://d-nb.info/gnd/4002769-7</subfield>
      <subfield code="0">(DE-101)040027694</subfield>
      <subfield code="a">Arbeitsrecht</subfield>
      <subfield code="2">gnd</subfield>
    </datafield>
    <datafield ind1=" " ind2="7" tag="651">
      <subfield code="0">(DE-588)4011882-4</subfield>
      <subfield code="0">http://d-nb.info/gnd/4011882-4</subfield>
      <subfield code="0">(DE-101)040118827</subfield>
      <subfield code="a">Deutschland</subfield>
      <subfield code="2">gnd</subfield>
    </datafield>
    <datafield ind1=" " ind2="7" tag="655">
      <subfield code="0">(DE-588)4135952-5</subfield>
      <subfield code="0">http://d-nb.info/gnd/4135952-5</subfield>
      <subfield code="0">(DE-101)041359526</subfield>
      <subfield code="a">Quelle</subfield>
      <subfield code="2">gnd-content</subfield>
    </datafield>
    <datafield ind1=" " ind2="7" tag="655">
      <subfield code="a">Quelle</subfield>
      <subfield code="2">gnd</subfield>
    </datafield>
    <datafield ind1="0" ind2="0" tag="689">
      <subfield code="0">(DE-588)4011882-4</subfield>
      <subfield code="0">http://d-nb.info/gnd/4011882-4</subfield>
      <subfield code="0">(DE-101)040118827</subfield>
      <subfield code="D">g</subfield>
      <subfield code="a">Deutschland</subfield>
    </datafield>
    <datafield ind1="0" ind2="1" tag="689">
      <subfield code="0">(DE-588)4002769-7</subfield>
      <subfield code="0">http://d-nb.info/gnd/4002769-7</subfield>
      <subfield code="0">(DE-101)040027694</subfield>
      <subfield code="D">s</subfield>
      <subfield code="a">Arbeitsrecht</subfield>
    </datafield>
    <datafield ind1="0" ind2="2" tag="689">
      <subfield code="A">f</subfield>
      <subfield code="a">Quelle</subfield>
    </datafield>
    <datafield ind1="0" ind2=" " tag="689">
      <subfield code="5">DE-101</subfield>
      <subfield code="5">DE-101</subfield>
    </datafield>
    <datafield ind1="1" ind2=" " tag="700">
      <subfield code="0">(DE-588)120895846</subfield>
      <subfield code="0">http://d-nb.info/gnd/120895846</subfield>
      <subfield code="0">(DE-101)120895846</subfield>
      <subfield code="a">Richardi, Reinhard</subfield>
      <subfield code="d">1937-</subfield>
      <subfield code="e">Herausgeber</subfield>
      <subfield code="4">edt</subfield>
    </datafield>
  </record>
  <record>
    <leader>00956nam a2200205 c 4500</leader>
    <controlfield tag="001">957340540</controlfield>
    <controlfield tag="003">DE-101</controlfield>
    <datafield ind1=" " ind2=" " tag="035">
      <subfield code="a">(DE-599)DNB957340540</subfield>
    </datafield>
    <datafield ind1=" " ind2=" " tag="035">
      <subfield code="a">(OCoLC)76027958</subfield>
    </datafield>
    <datafield ind1=" " ind2=" " tag="084">
      <subfield code="a">19</subfield>
      <subfield code="a">18</subfield>
      <subfield code="a">340</subfield>
      <subfield code="a">360</subfield>
      <subfield code="q">DE-101</subfield>
      <subfield code="2">sdnb</subfield>
    </datafield>
    <datafield ind1=" " ind2=" " tag="084">
      <subfield code="a">7.11a</subfield>
      <subfield code="a">7.8c</subfield>
      <subfield code="q">DE-101</subfield>
      <subfield code="2">sswd</subfield>
    </datafield>
    <datafield ind1=" " ind2="7" tag="650">
      <subfield code="0">(DE-588)4002769-7</subfield>
      <subfield code="0">http://d-nb.info/gnd/4002769-7</subfield>
      <subfield code="0">(DE-101)040027694</subfield>
      <subfield code="a">Arbeitsrecht</subfield>
      <subfield code="2">gnd</subfield>
    </datafield>
    <datafield ind1=" " ind2="7" tag="651">
      <subfield code="0">(DE-588)4011882-4</subfield>
      <subfield code="0">http://d-nb.info/gnd/4011882-4</subfield>
      <subfield code="0">(DE-101)040118827</subfield>
      <subfield code="a">Deutschland</subfield>
      <subfield code="2">gnd</subfield>
    </datafield>
    <datafield ind1=" " ind2="7" tag="655">
      <subfield code="0">(DE-588)4135952-5</subfield>
      <subfield code="0">http://d-nb.info/gnd/4135952-5</subfield>
      <subfield code="0">(DE-101)041359526</subfield>
      <subfield code="a">Quelle</subfield>
      <subfield code="2">gnd-content</subfield>
    </datafield>
    <datafield ind1=" " ind2="7" tag="655">
      <subfield code="a">Quelle</subfield>
      <subfield code="2">gnd</subfield>
    </datafield>
    <datafield ind1="0" ind2="0" tag="689">
      <subfield code="0">(DE-588)4011882-4</subfield>
      <subfield code="0">http://d-nb.info/gnd/4011882-4</subfield>
      <subfield code="0">(DE-101)040118827</subfield>
      <subfield code="D">g</subfield>
      <subfield code="a">Deutschland</subfield>
    </datafield>
    <datafield ind1="0" ind2="1" tag="689">
      <subfield code="0">(DE-588)4002769-7</subfield>
      <subfield code="0">http://d-nb.info/gnd/4002769-7</subfield>
      <subfield code="0">(DE-101)040027694</subfield>
      <subfield code="D">s</subfield>
      <subfield code="a">Arbeitsrecht</subfield>
    </datafield>
    <datafield ind1="0" ind2="2" tag="689">
      <subfield code="A">f</subfield>
      <subfield code="a">Quelle</subfield>
    </datafield>
    <datafield ind1="0" ind2=" " tag="689">
      <subfield code="5">DE-101</subfield>
      <subfield code="5">DE-101</subfield>
    </datafield>
    <datafield ind1="1" ind2=" " tag="700">
      <subfield code="0">(DE-588)120895846</subfield>
      <subfield code="0">http://d-nb.info/gnd/120895846</subfield>
      <subfield code="0">(DE-101)120895846</subfield>
      <subfield code="a">Richardi, Reinhard</subfield>
      <subfield code="d">1937-</subfield>
      <subfield code="e">Herausgeber</subfield>
      <subfield code="4">edt</subfield>
    </datafield>
  </record>
  <record>
    <leader>00956nam a2200205 c 4500</leader>
    <controlfield tag="001">958028664</controlfield>
    <controlfield tag="003">DE-101</controlfield>
    <datafield ind1=" " ind2=" " tag="035">
      <subfield code="a">(DE-599)DNB958028664</subfield>
    </datafield>
    <datafield ind1=" " ind2=" " tag="035">
      <subfield code="a">(OCoLC)76027958</subfield>
    </datafield>
    <datafield ind1=" " ind2=" " tag="084">
      <subfield code="a">19</subfield>
      <subfield code="a">18</subfield>
      <subfield code="a">340</subfield>
      <subfield code="a">360</subfield>
      <subfield code="q">DE-101</subfield>
      <subfield code="2">sdnb</subfield>
    </datafield>
    <datafield ind1=" " ind2=" " tag="084">
      <subfield code="a">7.11a</subfield>
      <subfield code="a">7.8c</subfield>
      <subfield code="q">DE-101</subfield>
      <subfield code="2">sswd</subfield>
    </datafield>
    <datafield ind1=" " ind2="7" tag="650">
      <subfield code="0">(DE-588)4002769-7</subfield>
      <subfield code="0">http://d-nb.info/gnd/4002769-7</subfield>
      <subfield code="0">(DE-101)040027694</subfield>
      <subfield code="a">Arbeitsrecht</subfield>
      <subfield code="2">gnd</subfield>
    </datafield>
    <datafield ind1=" " ind2="7" tag="651">
      <subfield code="0">(DE-588)4011882-4</subfield>
      <subfield code="0">http://d-nb.info/gnd/4011882-4</subfield>
      <subfield code="0">(DE-101)040118827</subfield>
      <subfield code="a">Deutschland</subfield>
      <subfield code="2">gnd</subfield>
    </datafield>
    <datafield ind1=" " ind2="7" tag="655">
      <subfield code="0">(DE-588)4135952-5</subfield>
      <subfield code="0">http://d-nb.info/gnd/4135952-5</subfield>
      <subfield code="0">(DE-101)041359526</subfield>
      <subfield code="a">Quelle</subfield>
      <subfield code="2">gnd-content</subfield>
    </datafield>
    <datafield ind1=" " ind2="7" tag="655">
      <subfield code="a">Quelle</subfield>
      <subfield code="2">gnd</subfield>
    </datafield>
    <datafield ind1="0" ind2="0" tag="689">
      <subfield code="0">(DE-588)4011882-4</subfield>
      <subfield code="0">http://d-nb.info/gnd/4011882-4</subfield>
      <subfield code="0">(DE-101)040118827</subfield>
      <subfield code="D">g</subfield>
      <subfield code="a">Deutschland</subfield>
    </datafield>
    <datafield ind1="0" ind2="1" tag="689">
      <subfield code="0">(DE-588)4002769-7</subfield>
      <subfield code="0">http://d-nb.info/gnd/4002769-7</subfield>
      <subfield code="0">(DE-101)040027694</subfield>
      <subfield code="D">s</subfield>
      <subfield code="a">Arbeitsrecht</subfield>
    </datafield>
    <datafield ind1="0" ind2="2" tag="689">
      <subfield code="A">f</subfield>
      <subfield code="a">Quelle</subfield>
    </datafield>
    <datafield ind1="0" ind2=" " tag="689">
      <subfield code="5">DE-101</subfield>
      <subfield code="5">DE-101</subfield>
    </datafield>
    <datafield ind1="1" ind2=" " tag="700">
      <subfield code="0">(DE-588)120895846</subfield>
      <subfield code="0">http://d-nb.info/gnd/120895846</subfield>
      <subfield code="0">(DE-101)120895846</subfield>
      <subfield code="a">Richardi, Reinhard</subfield>
      <subfield code="d">1937-</subfield>
      <subfield code="e">Herausgeber</subfield>
      <subfield code="4">edt</subfield>
    </datafield>
  </record>
  <record>
    <leader>00956nam a2200205 c 4500</leader>
    <controlfield tag="001">958922594</controlfield>
    <controlfield tag="003">DE-101</controlfield>
    <datafield ind1=" " ind2=" " tag="035">
      <subfield code="a">(DE-599)DNB958922594</subfield>
    </datafield>
    <datafield ind1=" " ind2=" " tag="035">
      <subfield code="a">(OCoLC)76125406</subfield>
    </datafield>
    <datafield ind1=" " ind2=" " tag="084">
      <subfield code="a">19</subfield>
      <subfield code="a">18</subfield>
      <subfield code="a">340</subfield>
      <subfield code="a">360</subfield>
      <subfield code="q">DE-101</subfield>
      <subfield code="2">sdnb</subfield>
    </datafield>
    <datafield ind1=" " ind2=" " tag="084">
      <subfield code="a">7.11a</subfield>
      <subfield code="a">7.8c</subfield>
      <subfield code="q">DE-101</subfield>
      <subfield code="2">sswd</subfield>
    </datafield>
    <datafield ind1=" " ind2="7" tag="650">
      <subfield code="0">(DE-588)4002769-7</subfield>
      <subfield code="0">http://d-nb.info/gnd/4002769-7</subfield>
      <subfield code="0">(DE-101)040027694</subfield>
      <subfield code="a">Arbeitsrecht</subfield>
      <subfield code="2">gnd</subfield>
    </datafield>
    <datafield ind1=" " ind2="7" tag="651">
      <subfield code="0">(DE-588)4011882-4</subfield>
      <subfield code="0">http://d-nb.info/gnd/4011882-4</subfield>
      <subfield code="0">(DE-101)040118827</subfield>
      <subfield code="a">Deutschland</subfield>
      <subfield code="2">gnd</subfield>
    </datafield>
    <datafield ind1=" " ind2="7" tag="655">
      <subfield code="0">(DE-588)4135952-5</subfield>
      <subfield code="0">http://d-nb.info/gnd/4135952-5</subfield>
      <subfield code="0">(DE-101)041359526</subfield>
      <subfield code="a">Quelle</subfield>
      <subfield code="2">gnd-content</subfield>
    </datafield>
    <datafield ind1=" " ind2="7" tag="655">
      <subfield code="a">Quelle</subfield>
      <subfield code="2">gnd</subfield>
    </datafield>
    <datafield ind1="0" ind2="0" tag="689">
      <subfield code="0">(DE-588)4011882-4</subfield>
      <subfield code="0">http://d-nb.info/gnd/4011882-4</subfield>
      <subfield code="0">(DE-101)040118827</subfield>
      <subfield code="D">g</subfield>
      <subfield code="a">Deutschland</subfield>
    </datafield>
    <datafield ind1="0" ind2="1" tag="689">
      <subfield code="0">(DE-588)4002769-7</subfield>
      <subfield code="0">http://d-nb.info/gnd/4002769-7</subfield>
      <subfield code="0">(DE-101)040027694</subfield>
      <subfield code="D">s</subfield>
      <subfield code="a">Arbeitsrecht</subfield>
    </datafield>
    <datafield ind1="0" ind2="2" tag="689">
      <subfield code="A">f</subfield>
      <subfield code="a">Quelle</subfield>
    </datafield>
    <datafield ind1="0" ind2=" " tag="689">
      <subfield code="5">DE-101</subfield>
      <subfield code="5">DE-101</subfield>
    </datafield>
    <datafield ind1="1" ind2=" " tag="700">
      <subfield code="0">(DE-588)120895846</subfield>
      <subfield code="0">http://d-nb.info/gnd/120895846</subfield>
      <subfield code="0">(DE-101)120895846</subfield>
      <subfield code="a">Richardi, Reinhard</subfield>
      <subfield code="d">1937-</subfield>
      <subfield code="e">Herausgeber</subfield>
      <subfield code="4">edt</subfield>
    </datafield>
  </record>
  <record>
    <leader>00956nam a2200205 c 4500</leader>
    <controlfield tag="001">1000497119</controlfield>
    <controlfield tag="003">DE-101</controlfield>
    <datafield ind1=" " ind2=" " tag="035">
      <subfield code="a">(DE-599)DNB1000497119</subfield>
    </datafield>
    <datafield ind1=" " ind2=" " tag="035">
      <subfield code="a">(OCoLC)551646137</subfield>
    </datafield>
    <datafield ind1="0" ind2="4" tag="082">
      <subfield code="8">1\u</subfield>
      <subfield code="a">344.43010263</subfield>
      <subfield code="q">DE-101</subfield>
      <subfield code="2">22/ger</subfield>
    </datafield>
    <datafield ind1="7" ind2=" " tag="083">
      <subfield code="a">340</subfield>
      <subfield code="q">DE-101</subfield>
      <subfield code="2">22sdnb</subfield>
    </datafield>
    <datafield ind1=" " ind2="7" tag="650">
      <subfield code="0">(DE-588)4002769-7</subfield>
      <subfield code="0">http://d-nb.info/gnd/4002769-7</subfield>
      <subfield code="0">(DE-101)040027694</subfield>
      <subfield code="a">Arbeitsrecht</subfield>
      <subfield code="2">gnd</subfield>
    </datafield>
    <datafield ind1=" " ind2="7" tag="651">
      <subfield code="0">(DE-588)4011882-4</subfield>
      <subfield code="0">http://d-nb.info/gnd/4011882-4</subfield>
      <subfield code="0">(DE-101)040118827</subfield>
      <subfield code="a">Deutschland</subfield>
      <subfield code="2">gnd</subfield>
    </datafield>
    <datafield ind1=" " ind2="7" tag="655">
      <subfield code="0">(DE-588)4135952-5</subfield>
      <subfield code="0">http://d-nb.info/gnd/4135952-5</subfield>
      <subfield code="0">(DE-101)041359526</subfield>
      <subfield code="a">Quelle</subfield>
      <subfield code="2">gnd-content</subfield>
    </datafield>
    <datafield ind1=" " ind2="7" tag="655">
      <subfield code="a">Quelle</subfield>
      <subfield code="2">gnd</subfield>
    </datafield>
    <datafield ind1="0" ind2="0" tag="689">
      <subfield code="0">(DE-588)4011882-4</subfield>
      <subfield code="0">http://d-nb.info/gnd/4011882-4</subfield>
      <subfield code="0">(DE-101)040118827</subfield>
      <subfield code="D">g</subfield>
      <subfield code="a">Deutschland</subfield>
    </datafield>
    <datafield ind1="0" ind2="1" tag="689">
      <subfield code="0">(DE-588)4002769-7</subfield>
      <subfield code="0">http://d-nb.info/gnd/4002769-7</subfield>
      <subfield code="0">(DE-101)040027694</subfield>
      <subfield code="D">s</subfield>
      <subfield code="a">Arbeitsrecht</subfield>
    </datafield>
    <datafield ind1="0" ind2="2" tag="689">
      <subfield code="A">f</subfield>
      <subfield code="a">Quelle</subfield>
    </datafield>
    <datafield ind1="0" ind2=" " tag="689">
      <subfield code="5">DE-101</subfield>
      <subfield code="5">DE-101</subfield>
    </datafield>
    <datafield ind1="1" ind2=" " tag="700">
      <subfield code="0">(DE-588)120895846</subfield>
      <subfield code="0">http://d-nb.info/gnd/120895846</subfield>
      <subfield code="0">(DE-101)120895846</subfield>
      <subfield code="a">Richardi, Reinhard</subfield>
      <subfield code="d">1937-</subfield>
      <subfield code="e">Herausgeber</subfield>
      <subfield code="4">edt</subfield>
    </datafield>
  </record>
  <record>
    <leader>00956nam a2200205 c 4500</leader>
    <controlfield tag="001">1006929657</controlfield>
    <controlfield tag="003">DE-101</controlfield>
    <datafield ind1=" " ind2=" " tag="035">
      <subfield code="a">(DE-599)DNB1006929657</subfield>
    </datafield>
    <datafield ind1=" " ind2=" " tag="035">
      <subfield code="a">(OCoLC)551646137</subfield>
    </datafield>
    <datafield ind1="0" ind2="4" tag="082">
      <subfield code="8">1\u</subfield>
      <subfield code="a">344.43010263</subfield>
      <subfield code="q">DE-101</subfield>
      <subfield code="2">22/ger</subfield>
    </datafield>
    <datafield ind1="7" ind2=" " tag="083">
      <subfield code="a">340</subfield>
      <subfield code="q">DE-101</subfield>
      <subfield code="2">22sdnb</subfield>
    </datafield>
    <datafield ind1=" " ind2="7" tag="650">
      <subfield code="0">(DE-588)4002769-7</subfield>
      <subfield code="0">http://d-nb.info/gnd/4002769-7</subfield>
      <subfield code="0">(DE-101)040027694</subfield>
      <subfield code="a">Arbeitsrecht</subfield>
      <subfield code="2">gnd</subfield>
    </datafield>
    <datafield ind1=" " ind2="7" tag="651">
      <subfield code="0">(DE-588)4011882-4</subfield>
      <subfield code="0">http://d-nb.info/gnd/4011882-4</subfield>
      <subfield code="0">(DE-101)040118827</subfield>
      <subfield code="a">Deutschland</subfield>
      <subfield code="2">gnd</subfield>
    </datafield>
    <datafield ind1=" " ind2="7" tag="655">
      <subfield code="0">(DE-588)4135952-5</subfield>
      <subfield code="0">http://d-nb.info/gnd/4135952-5</subfield>
      <subfield code="0">(DE-101)041359526</subfield>
      <subfield code="a">Quelle</subfield>
      <subfield code="2">gnd-content</subfield>
    </datafield>
    <datafield ind1=" " ind2="7" tag="655">
      <subfield code="a">Quelle</subfield>
      <subfield code="2">gnd</subfield>
    </datafield>
    <datafield ind1="0" ind2="0" tag="689">
      <subfield code="0">(DE-588)4011882-4</subfield>
      <subfield code="0">http://d-nb.info/gnd/4011882-4</subfield>
      <subfield code="0">(DE-101)040118827</subfield>
      <subfield code="D">g</subfield>
      <subfield code="a">Deutschland</subfield>
    </datafield>
    <datafield ind1="0" ind2="1" tag="689">
      <subfield code="0">(DE-588)4002769-7</subfield>
      <subfield code="0">http://d-nb.info/gnd/4002769-7</subfield>
      <subfield code="0">(DE-101)040027694</subfield>
      <subfield code="D">s</subfield>
      <subfield code="a">Arbeitsrecht</subfield>
    </datafield>
    <datafield ind1="0" ind2="2" tag="689">
      <subfield code="A">f</subfield>
      <subfield code="a">Quelle</subfield>
    </datafield>
    <datafield ind1="0" ind2=" " tag="689">
      <subfield code="5">DE-101</subfield>
      <subfield code="5">DE-101</subfield>
    </datafield>
    <datafield ind1="1" ind2=" " tag="700">
      <subfield code="0">(DE-588)120895846</subfield>
      <subfield code="0">http://d-nb.info/gnd/120895846</subfield>
      <subfield code="0">(DE-101)120895846</subfield>
      <subfield code="a">Richardi, Reinhard</subfield>
      <subfield code="d">1937-</subfield>
      <subfield code="e">Herausgeber</subfield>
      <subfield code="4">edt</subfield>
    </datafield>
  </record>
  <record>
    <leader>00956nam a2200205 c 4500</leader>
    <controlfield tag="001">1010464086</controlfield>
    <controlfield tag="003">DE-101</controlfield>
    <datafield ind1=" " ind2=" " tag="035">
      <subfield code="a">(DE-599)DNB1010464086</subfield>
    </datafield>
    <datafield ind1=" " ind2=" " tag="035">
      <subfield code="a">(OCoLC)707920978</subfield>
    </datafield>
    <datafield ind1="0" ind2="4" tag="082">
      <subfield code="8">1\u</subfield>
      <subfield code="a">344.43010263</subfield>
      <subfield code="q">DE-101</subfield>
      <subfield code="2">22/ger</subfield>
    </datafield>
    <datafield ind1="7" ind2=" " tag="083">
      <subfield code="a">340</subfield>
      <subfield code="q">DE-101</subfield>
      <subfield code="2">22sdnb</subfield>
    </datafield>
    <datafield ind1=" " ind2="7" tag="650">
      <subfield code="0">(DE-588)4002769-7</subfield>
      <subfield code="0">http://d-nb.info/gnd/4002769-7</subfield>
      <subfield code="0">(DE-101)040027694</subfield>
      <subfield code="a">Arbeitsrecht</subfield>
      <subfield code="2">gnd</subfield>
    </datafield>
    <datafield ind1=" " ind2="7" tag="651">
      <subfield code="0">(DE-588)4011882-4</subfield>
      <subfield code="0">http://d-nb.info/gnd/4011882-4</subfield>
      <subfield code="0">(DE-101)040118827</subfield>
      <subfield code="a">Deutschland</subfield>
      <subfield code="2">gnd</subfield>
    </datafield>
    <datafield ind1=" " ind2="7" tag="655">
      <subfield code="0">(DE-588)4135952-5</subfield>
      <subfield code="0">http://d-nb.info/gnd/4135952-5</subfield>
      <subfield code="0">(DE-101)041359526</subfield>
      <subfield code="a">Quelle</subfield>
      <subfield code="2">gnd-content</subfield>
    </datafield>
    <datafield ind1=" " ind2="7" tag="655">
      <subfield code="a">Quelle</subfield>
      <subfield code="2">gnd</subfield>
    </datafield>
    <datafield ind1="0" ind2="0" tag="689">
      <subfield code="0">(DE-588)4011882-4</subfield>
      <subfield code="0">http://d-nb.info/gnd/4011882-4</subfield>
      <subfield code="0">(DE-101)040118827</subfield>
      <subfield code="D">g</subfield>
      <subfield code="a">Deutschland</subfield>
    </datafield>
    <datafield ind1="0" ind2="1" tag="689">
      <subfield code="0">(DE-588)4002769-7</subfield>
      <subfield code="0">http://d-nb.info/gnd/4002769-7</subfield>
      <subfield code="0">(DE-101)040027694</subfield>
      <subfield code="D">s</subfield>
      <subfield code="a">Arbeitsrecht</subfield>
    </datafield>
    <datafield ind1="0" ind2="2" tag="689">
      <subfield code="A">f</subfield>
      <subfield code="a">Quelle</subfield>
    </datafield>
    <datafield ind1="0" ind2=" " tag="689">
      <subfield code="5">DE-101</subfield>
      <subfield code="5">DE-101</subfield>
    </datafield>
    <datafield ind1="1" ind2=" " tag="700">
      <subfield code="0">(DE-588)120895846</subfield>
      <subfield code="0">http://d-nb.info/gnd/120895846</subfield>
      <subfield code="0">(DE-101)120895846</subfield>
      <subfield code="a">Richardi, Reinhard</subfield>
      <subfield code="d">1937-</subfield>
      <subfield code="e">Herausgeber</subfield>
      <subfield code="4">edt</subfield>
    </datafield>
  </record>
  <record>
    <leader>00956nam a2200205 c 4500</leader>
    <controlfield tag="001">1014975239</controlfield>
    <controlfield tag="003">DE-101</controlfield>
    <datafield ind1=" " ind2=" " tag="035">
      <subfield code="a">(DE-599)DNB1014975239</subfield>
    </datafield>
    <datafield ind1=" " ind2=" " tag="035">
      <subfield code="a">(OCoLC)752940147</subfield>
    </datafield>
    <datafield ind1="0" ind2="4" tag="082">
      <subfield code="8">1\u</subfield>
      <subfield code="a">344.43010263</subfield>
      <subfield code="q">DE-101</subfield>
      <subfield code="2">22/ger</subfield>
    </datafield>
    <datafield ind1="7" ind2=" " tag="083">
      <subfield code="a">340</subfield>
      <subfield code="q">DE-101</subfield>
      <subfield code="2">22sdnb</subfield>
    </datafield>
    <datafield ind1=" " ind2="7" tag="650">
      <subfield code="0">(DE-588)4002769-7</subfield>
      <subfield code="0">http://d-nb.info/gnd/4002769-7</subfield>
      <subfield code="0">(DE-101)040027694</subfield>
      <subfield code="a">Arbeitsrecht</subfield>
      <subfield code="2">gnd</subfield>
    </datafield>
    <datafield ind1=" " ind2="7" tag="651">
      <subfield code="0">(DE-588)4011882-4</subfield>
      <subfield code="0">http://d-nb.info/gnd/4011882-4</subfield>
      <subfield code="0">(DE-101)040118827</subfield>
      <subfield code="a">Deutschland</subfield>
      <subfield code="2">gnd</subfield>
    </datafield>
    <datafield ind1=" " ind2="7" tag="655">
      <subfield code="0">(DE-588)4135952-5</subfield>
      <subfield code="0">http://d-nb.info/gnd/4135952-5</subfield>
      <subfield code="0">(DE-101)041359526</subfield>
      <subfield code="a">Quelle</subfield>
      <subfield code="2">gnd-content</subfield>
    </datafield>
    <datafield ind1=" " ind2="7" tag="655">
      <subfield code="a">Quelle</subfield>
      <subfield code="2">gnd</subfield>
    </datafield>
    <datafield ind1="0" ind2="0" tag="689">
      <subfield code="0">(DE-588)4011882-4</subfield>
      <subfield code="0">http://d-nb.info/gnd/4011882-4</subfield>
      <subfield code="0">(DE-101)040118827</subfield>
      <subfield code="D">g</subfield>
      <subfield code="a">Deutschland</subfield>
    </datafield>
    <datafield ind1="0" ind2="1" tag="689">
      <subfield code="0">(DE-588)4002769-7</subfield>
      <subfield code="0">http://d-nb.info/gnd/4002769-7</subfield>
      <subfield code="0">(DE-101)040027694</subfield>
      <subfield code="D">s</subfield>
      <subfield code="a">Arbeitsrecht</subfield>
    </datafield>
    <datafield ind1="0" ind2="2" tag="689">
      <subfield code="A">f</subfield>
      <subfield code="a">Quelle</subfield>
    </datafield>
    <datafield ind1="0" ind2=" " tag="689">
      <subfield code="5">DE-101</subfield>
      <subfield code="5">DE-101</subfield>
    </datafield>
    <datafield ind1="1" ind2=" " tag="700">
      <subfield code="0">(DE-588)120895846</subfield>
      <subfield code="0">http://d-nb.info/gnd/120895846</subfield>
      <subfield code="0">(DE-101)120895846</subfield>
      <subfield code="a">Richardi, Reinhard</subfield>
      <subfield code="d">1937-</subfield>
      <subfield code="e">Herausgeber</subfield>
      <subfield code="4">edt</subfield>
    </datafield>
  </record>
  <record>
    <leader>00956nam a2200205 c 4500</leader>
    <controlfield tag="001">1020478381</controlfield>
    <controlfield tag="003">DE-101</controlfield>
    <datafield ind1=" " ind2=" " tag="035">
      <subfield code="a">(DE-599)DNB1020478381</subfield>
    </datafield>
    <datafield ind1=" " ind2=" " tag="035">
      <subfield code="a">(OCoLC)781436301</subfield>
    </datafield>
    <datafield ind1="0" ind2="4" tag="082">
      <subfield code="8">1\u</subfield>
      <subfield code="a">344.43010263</subfield>
      <subfield code="q">DE-101</subfield>
      <subfield code="2">22/ger</subfield>
    </datafield>
    <datafield ind1="7" ind2=" " tag="083">
      <subfield code="a">340</subfield>
      <subfield code="q">DE-101</subfield>
      <subfield code="2">22sdnb</subfield>
    </datafield>
    <datafield ind1=" " ind2="7" tag="650">
      <subfield code="0">(DE-588)4002769-7</subfield>
      <subfield code="0">http://d-nb.info/gnd/4002769-7</subfield>
      <subfield code="0">(DE-101)040027694</subfield>
      <subfield code="a">Arbeitsrecht</subfield>
      <subfield code="2">gnd</subfield>
    </datafield>
    <datafield ind1=" " ind2="7" tag="651">
      <subfield code="0">(DE-588)4011882-4</subfield>
      <subfield code="0">http://d-nb.info/gnd/4011882-4</subfield>
      <subfield code="0">(DE-101)040118827</subfield>
      <subfield code="a">Deutschland</subfield>
      <subfield code="2">gnd</subfield>
    </datafield>
    <datafield ind1=" " ind2="7" tag="655">
      <subfield code="0">(DE-588)4135952-5</subfield>
      <subfield code="0">http://d-nb.info/gnd/4135952-5</subfield>
      <subfield code="0">(DE-101)041359526</subfield>
      <subfield code="a">Quelle</subfield>
      <subfield code="2">gnd-content</subfield>
    </datafield>
    <datafield ind1=" " ind2="7" tag="655">
      <subfield code="a">Quelle</subfield>
      <subfield code="2">gnd</subfield>
    </datafield>
    <datafield ind1="0" ind2="0" tag="689">
      <subfield code="0">(DE-588)4011882-4</subfield>
      <subfield code="0">http://d-nb.info/gnd/4011882-4</subfield>
      <subfield code="0">(DE-101)040118827</subfield>
      <subfield code="D">g</subfield>
      <subfield code="a">Deutschland</subfield>
    </datafield>
    <datafield ind1="0" ind2="1" tag="689">
      <subfield code="0">(DE-588)4002769-7</subfield>
      <subfield code="0">http://d-nb.info/gnd/4002769-7</subfield>
      <subfield code="0">(DE-101)040027694</subfield>
      <subfield code="D">s</subfield>
      <subfield code="a">Arbeitsrecht</subfield>
    </datafield>
    <datafield ind1="0" ind2="2" tag="689">
      <subfield code="A">f</subfield>
      <subfield code="a">Quelle</subfield>
    </datafield>
    <datafield ind1="0" ind2=" " tag="689">
      <subfield code="5">DE-101</subfield>
      <subfield code="5">DE-101</subfield>
    </datafield>
    <datafield ind1="1" ind2=" " tag="700">
      <subfield code="0">(DE-588)120895846</subfield>
      <subfield code="0">http://d-nb.info/gnd/120895846</subfield>
      <subfield code="0">(DE-101)120895846</subfield>
      <subfield code="a">Richardi, Reinhard</subfield>
      <subfield code="d">1937-</subfield>
      <subfield code="e">Herausgeber</subfield>
      <subfield code="4">edt</subfield>
    </datafield>
  </record>
  <record>
    <leader>00956nam a2200205 c 4500</leader>
    <controlfield tag="001">1025861647</controlfield>
    <controlfield tag="003">DE-101</controlfield>
    <datafield ind1=" " ind2=" " tag="035">
      <subfield code="a">(DE-599)DNB1025861647</subfield>
    </datafield>
    <datafield ind1=" " ind2=" " tag="035">
      <subfield code="a">(OCoLC)810436147</subfield>
    </datafield>
    <datafield ind1="0" ind2="4" tag="082">
      <subfield code="8">1\u</subfield>
      <subfield code="a">344.43010263</subfield>
      <subfield code="q">DE-101</subfield>
      <subfield code="2">22/ger</subfield>
    </datafield>
    <datafield ind1="7" ind2=" " tag="083">
      <subfield code="a">340</subfield>
      <subfield code="q">DE-101</subfield>
      <subfield code="2">22sdnb</subfield>
    </datafield>
    <datafield ind1=" " ind2="7" tag="650">
      <subfield code="0">(DE-588)4002769-7</subfield>
      <subfield code="0">http://d-nb.info/gnd/4002769-7</subfield>
      <subfield code="0">(DE-101)040027694</subfield>
      <subfield code="a">Arbeitsrecht</subfield>
      <subfield code="2">gnd</subfield>
    </datafield>
    <datafield ind1=" " ind2="7" tag="651">
      <subfield code="0">(DE-588)4011882-4</subfield>
      <subfield code="0">http://d-nb.info/gnd/4011882-4</subfield>
      <subfield code="0">(DE-101)040118827</subfield>
      <subfield code="a">Deutschland</subfield>
      <subfield code="2">gnd</subfield>
    </datafield>
    <datafield ind1=" " ind2="7" tag="655">
      <subfield code="0">(DE-588)4135952-5</subfield>
      <subfield code="0">http://d-nb.info/gnd/4135952-5</subfield>
      <subfield code="0">(DE-101)041359526</subfield>
      <subfield code="a">Quelle</subfield>
      <subfield code="2">gnd-content</subfield>
    </datafield>
    <datafield ind1=" " ind2="7" tag="655">
      <subfield code="a">Quelle</subfield>
      <subfield code="2">gnd</subfield>
    </datafield>
    <datafield ind1="0" ind2="0" tag="689">
      <subfield code="0">(DE-588)4011882-4</subfield>
      <subfield code="0">http://d-nb.info/gnd/4011882-4</subfield>
      <subfield code="0">(DE-101)040118827</subfield>
      <subfield code="D">g</subfield>
      <subfield code="a">Deutschland</subfield>
    </datafield>
    <datafield ind1="0" ind2="1" tag="689">
      <subfield code="0">(DE-588)4002769-7</subfield>
      <subfield code="0">http://d-nb.info/gnd/4002769-7</subfield>
      <subfield code="0">(DE-101)040027694</subfield>
      <subfield code="D">s</subfield>
      <subfield code="a">Arbeitsrecht</subfield>
    </datafield>
    <datafield ind1="0" ind2="2" tag="689">
      <subfield code="A">f</subfield>
      <subfield code="a">Quelle</subfield>
    </datafield>
    <datafield ind1="0" ind2=" " tag="689">
      <subfield code="5">DE-101</subfield>
      <subfield code="5">DE-101</subfield>
    </datafield>
    <datafield ind1="1" ind2=" " tag="700">
      <subfield code="0">(DE-588)120895846</subfield>
      <subfield code="0">http://d-nb.info/gnd/120895846</subfield>
      <subfield code="0">(DE-101)120895846</subfield>
      <subfield code="a">Richardi, Reinhard</subfield>
      <subfield code="d">1937-</subfield>
      <subfield code="e">Herausgeber</subfield>
      <subfield code="4">edt</subfield>
    </datafield>
  </record>
  <record>
    <leader>00956nam a2200205 c 4500</leader>
    <controlfield tag="001">1032810718</controlfield>
    <controlfield tag="003">DE-101</controlfield>
    <datafield ind1=" " ind2=" " tag="035">
      <subfield code="a">(DE-599)DNB1032810718</subfield>
    </datafield>
    <datafield ind1=" " ind2=" " tag="035">
      <subfield code="a">(OCoLC)839969365</subfield>
    </datafield>
    <datafield ind1="0" ind2="4" tag="082">
      <subfield code="8">1\u</subfield>
      <subfield code="a">344.43010263</subfield>
      <subfield code="q">DE-101</subfield>
      <subfield code="2">22/ger</subfield>
    </datafield>
    <datafield ind1="7" ind2=" " tag="083">
      <subfield code="a">340</subfield>
      <subfield code="q">DE-101</subfield>
      <subfield code="2">23sdnb</subfield>
    </datafield>
    <datafield ind1=" " ind2="7" tag="650">
      <subfield code="0">(DE-588)4002769-7</subfield>
      <subfield code="0">http://d-nb.info/gnd/4002769-7</subfield>
      <subfield code="0">(DE-101)040027694</subfield>
      <subfield code="a">Arbeitsrecht</subfield>
      <subfield code="2">gnd</subfield>
    </datafield>
    <datafield ind1=" " ind2="7" tag="651">
      <subfield code="0">(DE-588)4011882-4</subfield>
      <subfield code="0">http://d-nb.info/gnd/4011882-4</subfield>
      <subfield code="0">(DE-101)040118827</subfield>
      <subfield code="a">Deutschland</subfield>
      <subfield code="2">gnd</subfield>
    </datafield>
    <datafield ind1=" " ind2="7" tag="655">
      <subfield code="0">(DE-588)4135952-5</subfield>
      <subfield code="0">http://d-nb.info/gnd/4135952-5</subfield>
      <subfield code="0">(DE-101)041359526</subfield>
      <subfield code="a">Quelle</subfield>
      <subfield code="2">gnd-content</subfield>
    </datafield>
    <datafield ind1=" " ind2="7" tag="655">
      <subfield code="a">Quelle</subfield>
      <subfield code="2">gnd</subfield>
    </datafield>
    <datafield ind1="0" ind2="0" tag="689">
      <subfield code="0">(DE-588)4011882-4</subfield>
      <subfield code="0">http://d-nb.info/gnd/4011882-4</subfield>
      <subfield code="0">(DE-101)040118827</subfield>
      <subfield code="D">g</subfield>
      <subfield code="a">Deutschland</subfield>
    </datafield>
    <datafield ind1="0" ind2="1" tag="689">
      <subfield code="0">(DE-588)4002769-7</subfield>
      <subfield code="0">http://d-nb.info/gnd/4002769-7</subfield>
      <subfield code="0">(DE-101)040027694</subfield>
      <subfield code="D">s</subfield>
      <subfield code="a">Arbeitsrecht</subfield>
    </datafield>
    <datafield ind1="0" ind2="2" tag="689">
      <subfield code="A">f</subfield>
      <subfield code="a">Quelle</subfield>
    </datafield>
    <datafield ind1="0" ind2=" " tag="689">
      <subfield code="5">DE-101</subfield>
      <subfield code="5">DE-101</subfield>
    </datafield>
    <datafield ind1="1" ind2=" " tag="700">
      <subfield code="0">(DE-588)120895846</subfield>
      <subfield code="0">http://d-nb.info/gnd/120895846</subfield>
      <subfield code="0">(DE-101)120895846</subfield>
      <subfield code="a">Richardi, Reinhard</subfield>
      <subfield code="d">1937-</subfield>
      <subfield code="e">Herausgeber</subfield>
      <subfield code="4">edt</subfield>
    </datafield>
  </record>
  <record>
    <leader>00956nam a2200205 c 4500</leader>
    <controlfield tag="001">1042042209</controlfield>
    <controlfield tag="003">DE-101</controlfield>
    <datafield ind1=" " ind2=" " tag="035">
      <subfield code="a">(DE-599)DNB1042042209</subfield>
    </datafield>
    <datafield ind1=" " ind2=" " tag="035">
      <subfield code="a">(OCoLC)859344461</subfield>
    </datafield>
    <datafield ind1="0" ind2="4" tag="082">
      <subfield code="8">1\u</subfield>
      <subfield code="a">344.43010263</subfield>
      <subfield code="q">DE-101</subfield>
      <subfield code="2">22/ger</subfield>
    </datafield>
    <datafield ind1="7" ind2=" " tag="083">
      <subfield code="a">340</subfield>
      <subfield code="q">DE-101</subfield>
      <subfield code="2">23sdnb</subfield>
    </datafield>
    <datafield ind1=" " ind2="7" tag="650">
      <subfield code="0">(DE-588)4002769-7</subfield>
      <subfield code="0">http://d-nb.info/gnd/4002769-7</subfield>
      <subfield code="0">(DE-101)040027694</subfield>
      <subfield code="a">Arbeitsrecht</subfield>
      <subfield code="2">gnd</subfield>
    </datafield>
    <datafield ind1=" " ind2="7" tag="651">
      <subfield code="0">(DE-588)4011882-4</subfield>
      <subfield code="0">http://d-nb.info/gnd/4011882-4</subfield>
      <subfield code="0">(DE-101)040118827</subfield>
      <subfield code="a">Deutschland</subfield>
      <subfield code="2">gnd</subfield>
    </datafield>
    <datafield ind1=" " ind2="7" tag="655">
      <subfield code="0">(DE-588)4135952-5</subfield>
      <subfield code="0">http://d-nb.info/gnd/4135952-5</subfield>
      <subfield code="0">(DE-101)041359526</subfield>
      <subfield code="a">Quelle</subfield>
      <subfield code="2">gnd-content</subfield>
    </datafield>
    <datafield ind1=" " ind2="7" tag="655">
      <subfield code="a">Quelle</subfield>
      <subfield code="2">gnd</subfield>
    </datafield>
    <datafield ind1="0" ind2="0" tag="689">
      <subfield code="0">(DE-588)4011882-4</subfield>
      <subfield code="0">http://d-nb.info/gnd/4011882-4</subfield>
      <subfield code="0">(DE-101)040118827</subfield>
      <subfield code="D">g</subfield>
      <subfield code="a">Deutschland</subfield>
    </datafield>
    <datafield ind1="0" ind2="1" tag="689">
      <subfield code="0">(DE-588)4002769-7</subfield>
      <subfield code="0">http://d-nb.info/gnd/4002769-7</subfield>
      <subfield code="0">(DE-101)040027694</subfield>
      <subfield code="D">s</subfield>
      <subfield code="a">Arbeitsrecht</subfield>
    </datafield>
    <datafield ind1="0" ind2="2" tag="689">
      <subfield code="A">f</subfield>
      <subfield code="a">Quelle</subfield>
    </datafield>
    <datafield ind1="0" ind2=" " tag="689">
      <subfield code="5">DE-101</subfield>
      <subfield code="5">DE-101</subfield>
    </datafield>
    <datafield ind1="1" ind2=" " tag="700">
      <subfield code="0">(DE-588)120895846</subfield>
      <subfield code="0">http://d-nb.info/gnd/120895846</subfield>
      <subfield code="0">(DE-101)120895846</subfield>
      <subfield code="a">Richardi, Reinhard</subfield>
      <subfield code="d">1937-</subfield>
      <subfield code="e">Herausgeber</subfield>
      <subfield code="4">edt</subfield>
    </datafield>
  </record>
  <record>
    <leader>00956nam a2200205 c 4500</leader>
    <controlfield tag="001">1049614186</controlfield>
    <controlfield tag="003">DE-101</controlfield>
    <datafield ind1=" " ind2=" " tag="035">
      <subfield code="a">(DE-599)DNB1049614186</subfield>
    </datafield>
    <datafield ind1=" " ind2=" " tag="035">
      <subfield code="a">(OCoLC)878154175</subfield>
    </datafield>
    <datafield ind1="0" ind2="4" tag="082">
      <subfield code="8">1\u</subfield>
      <subfield code="a">344.43010263</subfield>
      <subfield code="q">DE-101</subfield>
      <subfield code="2">22/ger</subfield>
    </datafield>
    <datafield ind1="7" ind2=" " tag="083">
      <subfield code="a">340</subfield>
      <subfield code="q">DE-101</subfield>
      <subfield code="2">23sdnb</subfield>
    </datafield>
    <datafield ind1=" " ind2="7" tag="650">
      <subfield code="0">(DE-588)4002769-7</subfield>
      <subfield code="0">http://d-nb.info/gnd/4002769-7</subfield>
      <subfield code="0">(DE-101)040027694</subfield>
      <subfield code="a">Arbeitsrecht</subfield>
      <subfield code="2">gnd</subfield>
    </datafield>
    <datafield ind1=" " ind2="7" tag="651">
      <subfield code="0">(DE-588)4011882-4</subfield>
      <subfield code="0">http://d-nb.info/gnd/4011882-4</subfield>
      <subfield code="0">(DE-101)040118827</subfield>
      <subfield code="a">Deutschland</subfield>
      <subfield code="2">gnd</subfield>
    </datafield>
    <datafield ind1=" " ind2="7" tag="655">
      <subfield code="0">(DE-588)4135952-5</subfield>
      <subfield code="0">http://d-nb.info/gnd/4135952-5</subfield>
      <subfield code="0">(DE-101)041359526</subfield>
      <subfield code="a">Quelle</subfield>
      <subfield code="2">gnd-content</subfield>
    </datafield>
    <datafield ind1=" " ind2="7" tag="655">
      <subfield code="a">Quelle</subfield>
      <subfield code="2">gnd</subfield>
    </datafield>
    <datafield ind1="0" ind2="0" tag="689">
      <subfield code="0">(DE-588)4011882-4</subfield>
      <subfield code="0">http://d-nb.info/gnd/4011882-4</subfield>
      <subfield code="0">(DE-101)040118827</subfield>
      <subfield code="D">g</subfield>
      <subfield code="a">Deutschland</subfield>
    </datafield>
    <datafield ind1="0" ind2="1" tag="689">
      <subfield code="0">(DE-588)4002769-7</subfield>
      <subfield code="0">http://d-nb.info/gnd/4002769-7</subfield>
      <subfield code="0">(DE-101)040027694</subfield>
      <subfield code="D">s</subfield>
      <subfield code="a">Arbeitsrecht</subfield>
    </datafield>
    <datafield ind1="0" ind2="2" tag="689">
      <subfield code="A">f</subfield>
      <subfield code="a">Quelle</subfield>
    </datafield>
    <datafield ind1="0" ind2=" " tag="689">
      <subfield code="5">DE-101</subfield>
      <subfield code="5">DE-101</subfield>
    </datafield>
    <datafield ind1="1" ind2=" " tag="700">
      <subfield code="0">(DE-588)120895846</subfield>
      <subfield code="0">http://d-nb.info/gnd/120895846</subfield>
      <subfield code="0">(DE-101)120895846</subfield>
      <subfield code="a">Richardi, Reinhard</subfield>
      <subfield code="d">1937-</subfield>
      <subfield code="e">Herausgeber</subfield>
      <subfield code="4">edt</subfield>
    </datafield>
  </record>
  <record>
    <leader>00956nam a2200205 c 4500</leader>
    <controlfield tag="001">1057944165</controlfield>
    <controlfield tag="003">DE-101</controlfield>
    <datafield ind1=" " ind2=" " tag="035">
      <subfield code="a">(DE-599)DNB1057944165</subfield>
    </datafield>
    <datafield ind1=" " ind2=" " tag="035">
      <subfield code="a">(OCoLC)892068579</subfield>
    </datafield>
    <datafield ind1="0" ind2="4" tag="082">
      <subfield code="8">1\u</subfield>
      <subfield code="a">344.43010263</subfield>
      <subfield code="q">DE-101</subfield>
      <subfield code="2">22/ger</subfield>
    </datafield>
    <datafield ind1="7" ind2=" " tag="083">
      <subfield code="a">340</subfield>
      <subfield code="q">DE-101</subfield>
      <subfield code="2">23sdnb</subfield>
    </datafield>
    <datafield ind1=" " ind2="7" tag="650">
      <subfield code="0">(DE-588)4002769-7</subfield>
      <subfield code="0">http://d-nb.info/gnd/4002769-7</subfield>
      <subfield code="0">(DE-101)040027694</subfield>
      <subfield code="a">Arbeitsrecht</subfield>
      <subfield code="2">gnd</subfield>
    </datafield>
    <datafield ind1=" " ind2="7" tag="651">
      <subfield code="0">(DE-588)4011882-4</subfield>
      <subfield code="0">http://d-nb.info/gnd/4011882-4</subfield>
      <subfield code="0">(DE-101)040118827</subfield>
      <subfield code="a">Deutschland</subfield>
      <subfield code="2">gnd</subfield>
    </datafield>
    <datafield ind1=" " ind2="7" tag="655">
      <subfield code="0">(DE-588)4135952-5</subfield>
      <subfield code="0">http://d-nb.info/gnd/4135952-5</subfield>
      <subfield code="0">(DE-101)041359526</subfield>
      <subfield code="a">Quelle</subfield>
      <subfield code="2">gnd-content</subfield>
    </datafield>
    <datafield ind1=" " ind2="7" tag="655">
      <subfield code="a">Quelle</subfield>
      <subfield code="2">gnd</subfield>
    </datafield>
    <datafield ind1="0" ind2="0" tag="689">
      <subfield code="0">(DE-588)4011882-4</subfield>
      <subfield code="0">http://d-nb.info/gnd/4011882-4</subfield>
      <subfield code="0">(DE-101)040118827</subfield>
      <subfield code="D">g</subfield>
      <subfield code="a">Deutschland</subfield>
    </datafield>
    <datafield ind1="0" ind2="1" tag="689">
      <subfield code="0">(DE-588)4002769-7</subfield>
      <subfield code="0">http://d-nb.info/gnd/4002769-7</subfield>
      <subfield code="0">(DE-101)040027694</subfield>
      <subfield code="D">s</subfield>
      <subfield code="a">Arbeitsrecht</subfield>
    </datafield>
    <datafield ind1="0" ind2="2" tag="689">
      <subfield code="A">f</subfield>
      <subfield code="a">Quelle</subfield>
    </datafield>
    <datafield ind1="0" ind2=" " tag="689">
      <subfield code="5">DE-101</subfield>
      <subfield code="5">DE-101</subfield>
    </datafield>
    <datafield ind1="1" ind2=" " tag="700">
      <subfield code="0">(DE-588)120895846</subfield>
      <subfield code="0">http://d-nb.info/gnd/120895846</subfield>
      <subfield code="0">(DE-101)120895846</subfield>
      <subfield code="a">Richardi, Reinhard</subfield>
      <subfield code="d">1937-</subfield>
      <subfield code="e">Herausgeber</subfield>
      <subfield code="4">edt</subfield>
    </datafield>
  </record>
  <record>
    <leader>00956nam a2200205 c 4500</leader>
    <controlfield tag="001">1069225622</controlfield>
    <controlfield tag="003">DE-101</controlfield>
    <datafield ind1=" " ind2=" " tag="035">
      <subfield code="a">(DE-599)DNB1069225622</subfield>
    </datafield>
    <datafield ind1=" " ind2=" " tag="035">
      <subfield code="a">(OCoLC)907546248</subfield>
    </datafield>
    <datafield ind1="0" ind2="4" tag="082">
      <subfield code="8">1\u</subfield>
      <subfield code="a">344.43010263</subfield>
      <subfield code="q">DE-101</subfield>
      <subfield code="2">22/ger</subfield>
    </datafield>
    <datafield ind1="7" ind2=" " tag="083">
      <subfield code="a">340</subfield>
      <subfield code="q">DE-101</subfield>
      <subfield code="2">23sdnb</subfield>
    </datafield>
    <datafield ind1=" " ind2="7" tag="650">
      <subfield code="0">(DE-588)4002769-7</subfield>
      <subfield code="0">http://d-nb.info/gnd/4002769-7</subfield>
      <subfield code="0">(DE-101)040027694</subfield>
      <subfield code="a">Arbeitsrecht</subfield>
      <subfield code="2">gnd</subfield>
    </datafield>
    <datafield ind1=" " ind2="7" tag="651">
      <subfield code="0">(DE-588)4011882-4</subfield>
      <subfield code="0">http://d-nb.info/gnd/4011882-4</subfield>
      <subfield code="0">(DE-101)040118827</subfield>
      <subfield code="a">Deutschland</subfield>
      <subfield code="2">gnd</subfield>
    </datafield>
    <datafield ind1=" " ind2="7" tag="655">
      <subfield code="0">(DE-588)4135952-5</subfield>
      <subfield code="0">http://d-nb.info/gnd/4135952-5</subfield>
      <subfield code="0">(DE-101)041359526</subfield>
      <subfield code="a">Quelle</subfield>
      <subfield code="2">gnd-content</subfield>
    </datafield>
    <datafield ind1=" " ind2="7" tag="655">
      <subfield code="a">Quelle</subfield>
      <subfield code="2">gnd</subfield>
    </datafield>
    <datafield ind1="0" ind2="0" tag="689">
      <subfield code="0">(DE-588)4011882-4</subfield>
      <subfield code="0">http://d-nb.info/gnd/4011882-4</subfield>
      <subfield code="0">(DE-101)040118827</subfield>
      <subfield code="D">g</subfield>
      <subfield code="a">Deutschland</subfield>
    </datafield>
    <datafield ind1="0" ind2="1" tag="689">
      <subfield code="0">(DE-588)4002769-7</subfield>
      <subfield code="0">http://d-nb.info/gnd/4002769-7</subfield>
      <subfield code="0">(DE-101)040027694</subfield>
      <subfield code="D">s</subfield>
      <subfield code="a">Arbeitsrecht</subfield>
    </datafield>
    <datafield ind1="0" ind2="2" tag="689">
      <subfield code="A">f</subfield>
      <subfield code="a">Quelle</subfield>
    </datafield>
    <datafield ind1="0" ind2=" " tag="689">
      <subfield code="5">DE-101</subfield>
      <subfield code="5">DE-101</subfield>
    </datafield>
    <datafield ind1="1" ind2=" " tag="700">
      <subfield code="0">(DE-588)120895846</subfield>
      <subfield code="0">http://d-nb.info/gnd/120895846</subfield>
      <subfield code="0">(DE-101)120895846</subfield>
      <subfield code="a">Richardi, Reinhard</subfield>
      <subfield code="d">1937-</subfield>
      <subfield code="e">Herausgeber</subfield>
      <subfield code="4">edt</subfield>
    </datafield>
  </record>
  <record>
    <leader>00956nam a2200205 c 4500</leader>
    <controlfield tag="001">107651376X</controlfield>
    <controlfield tag="003">DE-101</controlfield>
    <datafield ind1=" " ind2=" " tag="035">
      <subfield code="a">(DE-599)DNB107651376X</subfield>
    </datafield>
    <datafield ind1=" " ind2=" " tag="035">
      <subfield code="a">(OCoLC)907546248</subfield>
    </datafield>
    <datafield ind1="0" ind2="4" tag="082">
      <subfield code="8">1\u</subfield>
      <subfield code="a">344.43010263</subfield>
      <subfield code="q">DE-101</subfield>
      <subfield code="2">22/ger</subfield>
    </datafield>
    <datafield ind1="7" ind2=" " tag="083">
      <subfield code="a">340</subfield>
      <subfield code="q">DE-101</subfield>
      <subfield code="2">23sdnb</subfield>
    </datafield>
    <datafield ind1=" " ind2="7" tag="650">
      <subfield code="0">(DE-588)4002769-7</subfield>
      <subfield code="0">http://d-nb.info/gnd/4002769-7</subfield>
      <subfield code="0">(DE-101)040027694</subfield>
      <subfield code="a">Arbeitsrecht</subfield>
      <subfield code="2">gnd</subfield>
    </datafield>
    <datafield ind1=" " ind2="7" tag="651">
      <subfield code="0">(DE-588)4011882-4</subfield>
      <subfield code="0">http://d-nb.info/gnd/4011882-4</subfield>
      <subfield code="0">(DE-101)040118827</subfield>
      <subfield code="a">Deutschland</subfield>
      <subfield code="2">gnd</subfield>
    </datafield>
    <datafield ind1=" " ind2="7" tag="655">
      <subfield code="0">(DE-588)4135952-5</subfield>
      <subfield code="0">http://d-nb.info/gnd/4135952-5</subfield>
      <subfield code="0">(DE-101)041359526</subfield>
      <subfield code="a">Quelle</subfield>
      <subfield code="2">gnd-content</subfield>
    </datafield>
    <datafield ind1=" " ind2="7" tag="655">
      <subfield code="a">Quelle</subfield>
      <subfield code="2">gnd</subfield>
    </datafield>
    <datafield ind1="0" ind2="0" tag="689">
      <subfield code="0">(DE-588)4011882-4</subfield>
      <subfield code="0">http://d-nb.info/gnd/4011882-4</subfield>
      <subfield code="0">(DE-101)040118827</subfield>
      <subfield code="D">g</subfield>
      <subfield code="a">Deutschland</subfield>
    </datafield>
    <datafield ind1="0" ind2="1" tag="689">
      <subfield code="0">(DE-588)4002769-7</subfield>
      <subfield code="0">http://d-nb.info/gnd/4002769-7</subfield>
      <subfield code="0">(DE-101)040027694</subfield>
      <subfield code="D">s</subfield>
      <subfield code="a">Arbeitsrecht</subfield>
    </datafield>
    <datafield ind1="0" ind2="2" tag="689">
      <subfield code="A">f</subfield>
      <subfield code="a">Quelle</subfield>
    </datafield>
    <datafield ind1="0" ind2=" " tag="689">
      <subfield code="5">DE-101</subfield>
      <subfield code="5">DE-101</subfield>
    </datafield>
    <datafield ind1="1" ind2=" " tag="700">
      <subfield code="0">(DE-588)120895846</subfield>
      <subfield code="0">http://d-nb.info/gnd/120895846</subfield>
      <subfield code="0">(DE-101)120895846</subfield>
      <subfield code="a">Richardi, Reinhard</subfield>
      <subfield code="d">1937-</subfield>
      <subfield code="e">Herausgeber</subfield>
      <subfield code="4">edt</subfield>
    </datafield>
  </record>
  <record>
    <leader>00957nam a2200205 c 4500</leader>
    <controlfield tag="001">955976529</controlfield>
    <controlfield tag="003">DE-101</controlfield>
    <datafield ind1=" " ind2=" " tag="035">
      <subfield code="a">(DE-599)DNB955976529</subfield>
    </datafield>
    <datafield ind1=" " ind2=" " tag="035">
      <subfield code="a">(OCoLC)214952160</subfield>
    </datafield>
    <datafield ind1=" " ind2=" " tag="084">
      <subfield code="a">19</subfield>
      <subfield code="a">18</subfield>
      <subfield code="a">340</subfield>
      <subfield code="a">360</subfield>
      <subfield code="q">DE-101</subfield>
      <subfield code="2">sdnb</subfield>
    </datafield>
    <datafield ind1=" " ind2=" " tag="084">
      <subfield code="a">7.11a</subfield>
      <subfield code="a">7.8c</subfield>
      <subfield code="q">DE-101</subfield>
      <subfield code="2">sswd</subfield>
    </datafield>
    <datafield ind1=" " ind2="7" tag="650">
      <subfield code="0">(DE-588)4002769-7</subfield>
      <subfield code="0">http://d-nb.info/gnd/4002769-7</subfield>
      <subfield code="0">(DE-101)040027694</subfield>
      <subfield code="a">Arbeitsrecht</subfield>
      <subfield code="2">gnd</subfield>
    </datafield>
    <datafield ind1=" " ind2="7" tag="651">
      <subfield code="0">(DE-588)4011882-4</subfield>
      <subfield code="0">http://d-nb.info/gnd/4011882-4</subfield>
      <subfield code="0">(DE-101)040118827</subfield>
      <subfield code="a">Deutschland</subfield>
      <subfield code="2">gnd</subfield>
    </datafield>
    <datafield ind1=" " ind2="7" tag="655">
      <subfield code="0">(DE-588)4135952-5</subfield>
      <subfield code="0">http://d-nb.info/gnd/4135952-5</subfield>
      <subfield code="0">(DE-101)041359526</subfield>
      <subfield code="a">Quelle</subfield>
      <subfield code="2">gnd-content</subfield>
    </datafield>
    <datafield ind1=" " ind2="7" tag="655">
      <subfield code="a">Quelle</subfield>
      <subfield code="2">gnd</subfield>
    </datafield>
    <datafield ind1="0" ind2="0" tag="689">
      <subfield code="0">(DE-588)4011882-4</subfield>
      <subfield code="0">http://d-nb.info/gnd/4011882-4</subfield>
      <subfield code="0">(DE-101)040118827</subfield>
      <subfield code="D">g</subfield>
      <subfield code="a">Deutschland</subfield>
    </datafield>
    <datafield ind1="0" ind2="1" tag="689">
      <subfield code="0">(DE-588)4002769-7</subfield>
      <subfield code="0">http://d-nb.info/gnd/4002769-7</subfield>
      <subfield code="0">(DE-101)040027694</subfield>
      <subfield code="D">s</subfield>
      <subfield code="a">Arbeitsrecht</subfield>
    </datafield>
    <datafield ind1="0" ind2="2" tag="689">
      <subfield code="A">f</subfield>
      <subfield code="a">Quelle</subfield>
    </datafield>
    <datafield ind1="0" ind2=" " tag="689">
      <subfield code="5">DE-101</subfield>
      <subfield code="5">DE-101</subfield>
    </datafield>
    <datafield ind1="1" ind2=" " tag="700">
      <subfield code="0">(DE-588)120895846</subfield>
      <subfield code="0">http://d-nb.info/gnd/120895846</subfield>
      <subfield code="0">(DE-101)120895846</subfield>
      <subfield code="a">Richardi, Reinhard</subfield>
      <subfield code="d">1937-</subfield>
      <subfield code="e">Herausgeber</subfield>
      <subfield code="4">edt</subfield>
    </datafield>
  </record>