
  <record>
    <leader>00984nam a2200277 c 4500</leader>
    <controlfield tag="001">878832793</controlfield>
    <controlfield tag="003">DE-601</controlfield>
    <datafield ind1=" " ind2=" " tag="035">
      <subfield code="a">(DE-599)GBV878832793</subfield>
    </datafield>
    <datafield ind1="0" ind2="0" tag="082">
      <subfield code="a">330#DNB</subfield>
    </datafield>
    <datafield ind1="0" ind2="0" tag="082">
      <subfield code="a">344.43010263</subfield>
    </datafield>
    <datafield ind1="0" ind2="0" tag="082">
      <subfield code="a">340</subfield>
    </datafield>
    <datafield ind1="0" ind2="9" tag="082">
      <subfield code="a">340</subfield>
    </datafield>
    <datafield ind1=" " ind2=" " tag="084">
      <subfield code="a">340</subfield>
      <subfield code="2">sdnb</subfield>
    </datafield>
    <datafield ind1=" " ind2=" " tag="084">
      <subfield code="a">86.74</subfield>
      <subfield code="9">Arbeitsrecht: Allgemeines</subfield>
      <subfield code="2">bkl</subfield>
    </datafield>
    <datafield ind1=" " ind2=" " tag="084">
      <subfield code="a">PF 230</subfield>
      <subfield code="2">rvk</subfield>
    </datafield>
    <datafield ind1=" " ind2=" " tag="084">
      <subfield code="a">PF 230</subfield>
      <subfield code="2">rvk</subfield>
    </datafield>
    <datafield ind1="2" ind2=" " tag="110">
      <subfield code="a">Deutschland</subfield>
      <subfield code="e">Normerlassende Gebietskorperschaft</subfield>
      <subfield code="4">enj</subfield>
      <subfield code="0">(DE-601)104704861</subfield>
      <subfield code="0">(DE-588)4011882-4</subfield>
    </datafield>
    <datafield ind1="2" ind2="7" tag="611">
      <subfield code="a">Quelle</subfield>
      <subfield code="2">gnd</subfield>
    </datafield>
    <datafield ind1=" " ind2="7" tag="650">
      <subfield code="0">(DE-601)106392085</subfield>
      <subfield code="0">(DE-588)4002769-7</subfield>
      <subfield code="a">Arbeitsrecht</subfield>
      <subfield code="2">gnd</subfield>
    </datafield>
    <datafield ind1=" " ind2="7" tag="651">
      <subfield code="0">(DE-601)104704861</subfield>
      <subfield code="0">(DE-588)4011882-4</subfield>
      <subfield code="a">Deutschland</subfield>
      <subfield code="2">gnd</subfield>
    </datafield>
    <datafield ind1="0" ind2="7" tag="655">
      <subfield code="0">(DE-588)4135952-5</subfield>
      <subfield code="a">Quelle</subfield>
      <subfield code="2">gnd-content</subfield>
    </datafield>
    <datafield ind1="0" ind2="0" tag="689">
      <subfield code="0">(DE-601)104704861</subfield>
      <subfield code="0">(DE-588)4011882-4</subfield>
      <subfield code="D">g</subfield>
      <subfield code="a">Deutschland</subfield>
    </datafield>
    <datafield ind1="0" ind2="1" tag="689">
      <subfield code="0">(DE-601)106392085</subfield>
      <subfield code="0">(DE-588)4002769-7</subfield>
      <subfield code="D">s</subfield>
      <subfield code="a">Arbeitsrecht</subfield>
    </datafield>
    <datafield ind1="0" ind2="2" tag="689">
      <subfield code="A">f</subfield>
      <subfield code="a">Quelle</subfield>
    </datafield>
    <datafield ind1="0" ind2=" " tag="689">
      <subfield code="5">DE-101</subfield>
    </datafield>
    <datafield ind1="1" ind2=" " tag="700">
      <subfield code="a">Richardi, Reinhard</subfield>
      <subfield code="e">VerfasserIn einer Einleitung</subfield>
      <subfield code="4">win</subfield>
      <subfield code="e">HerausgeberIn</subfield>
      <subfield code="4">edt</subfield>
      <subfield code="0">(DE-601)080953956</subfield>
      <subfield code="0">(DE-588)120895846</subfield>
    </datafield>
  </record>
  <record>
    <leader>00987cam a2200241   4500</leader>
    <controlfield tag="001">028562291</controlfield>
    <controlfield tag="003">DE-576</controlfield>
    <datafield ind1=" " ind2=" " tag="035">
      <subfield code="a">(OCoLC)299830329</subfield>
    </datafield>
    <datafield ind1=" " ind2=" " tag="035">
      <subfield code="a">(OCoLC)214322569</subfield>
    </datafield>
    <datafield ind1=" " ind2=" " tag="035">
      <subfield code="a">(DE-599)BSZ028562291</subfield>
    </datafield>
    <datafield ind1=" " ind2=" " tag="035">
      <subfield code="a">(DE-615)00769033</subfield>
    </datafield>
    <datafield ind1="0" ind2=" " tag="082">
      <subfield code="a">344.304102632</subfield>
    </datafield>
    <datafield ind1="0" ind2=" " tag="082">
      <subfield code="a">344.43/01/02632 344.304102632 20</subfield>
    </datafield>
    <datafield ind1="0" ind2=" " tag="082">
      <subfield code="a">344.43/01/02632</subfield>
    </datafield>
    <datafield ind1=" " ind2=" " tag="084">
      <subfield code="a">SZ6</subfield>
      <subfield code="2">FIV</subfield>
    </datafield>
    <datafield ind1=" " ind2=" " tag="084">
      <subfield code="a">RA05.01</subfield>
      <subfield code="2">FIV</subfield>
    </datafield>
    <datafield ind1=" " ind2=" " tag="084">
      <subfield code="a">PF 230</subfield>
      <subfield code="2">rvk</subfield>
    </datafield>
    <datafield ind1=" " ind2="4" tag="650">
      <subfield code="a">Deutschland</subfield>
      <subfield code="x">Arbeitsrecht</subfield>
      <subfield code="x">Gesetz</subfield>
      <subfield code="x">Arbeitnehmer</subfield>
      <subfield code="x">Kndigung von Beschftigungsverhltnissen</subfield>
      <subfield code="x">Arbeitssicherheit</subfield>
      <subfield code="x">Tarifrecht</subfield>
      <subfield code="x">Ausbildung/Berufliche Bildung</subfield>
      <subfield code="x">Betriebsverfassung</subfield>
      <subfield code="x">Mitwirkung/Mitbestimmung im Betrieb</subfield>
      <subfield code="x">Arbeitnehmervertretung</subfield>
    </datafield>
    <datafield ind1=" " ind2="7" tag="655">
      <subfield code="a">Quelle</subfield>
      <subfield code="0">(DE-588)4135952-5</subfield>
      <subfield code="0">(DE-576)209665084</subfield>
      <subfield code="2">gnd-content</subfield>
    </datafield>
    <datafield ind1="0" ind2="0" tag="689">
      <subfield code="D">g</subfield>
      <subfield code="0">(DE-588)4011882-4</subfield>
      <subfield code="0">(DE-576)208896155</subfield>
      <subfield code="2">gnd</subfield>
      <subfield code="a">Deutschland</subfield>
    </datafield>
    <datafield ind1="0" ind2="1" tag="689">
      <subfield code="D">s</subfield>
      <subfield code="0">(DE-588)4002769-7</subfield>
      <subfield code="0">(DE-576)208848622</subfield>
      <subfield code="2">gnd</subfield>
      <subfield code="a">Arbeitsrecht</subfield>
    </datafield>
    <datafield ind1="0" ind2=" " tag="689">
      <subfield code="5">DE-101</subfield>
    </datafield>
    <datafield ind1="1" ind2=" " tag="700">
      <subfield code="a">Richardi, Reinhard</subfield>
      <subfield code="d">1937-</subfield>
      <subfield code="e">Vorr.</subfield>
      <subfield code="0">(DE-588)120895846</subfield>
      <subfield code="0">(DE-576)162716834</subfield>
      <subfield code="4">aui</subfield>
    </datafield>
  </record>