
  <record>
    <leader>01173nam a2200241 c 4500</leader>
    <controlfield tag="001">1156612713</controlfield>
    <controlfield tag="003">DE-101</controlfield>
    <datafield ind1=" " ind2=" " tag="035">
      <subfield code="a">(DE-599)DNB1156612713</subfield>
    </datafield>
    <datafield ind1=" " ind2=" " tag="035">
      <subfield code="a">(DE-576)498155153</subfield>
    </datafield>
    <datafield ind1=" " ind2=" " tag="035">
      <subfield code="a">(OCoLC)1026972894</subfield>
    </datafield>
    <datafield ind1="0" ind2="4" tag="082">
      <subfield code="8">1\u</subfield>
      <subfield code="a">344.43010263</subfield>
      <subfield code="q">DE-101</subfield>
      <subfield code="2">22/ger</subfield>
    </datafield>
    <datafield ind1="7" ind2=" " tag="083">
      <subfield code="a">340</subfield>
      <subfield code="q">DE-101</subfield>
      <subfield code="2">23sdnb</subfield>
    </datafield>
    <datafield ind1="1" ind2=" " tag="110">
      <subfield code="0">(DE-588)4011882-4</subfield>
      <subfield code="0">http://d-nb.info/gnd/4011882-4</subfield>
      <subfield code="0">(DE-101)040118827</subfield>
      <subfield code="a">Deutschland</subfield>
      <subfield code="e">Normerlassende Gebietskorperschaft</subfield>
      <subfield code="4">enj</subfield>
    </datafield>
    <datafield ind1=" " ind2="7" tag="650">
      <subfield code="0">(DE-588)4002769-7</subfield>
      <subfield code="0">http://d-nb.info/gnd/4002769-7</subfield>
      <subfield code="0">(DE-101)040027694</subfield>
      <subfield code="a">Arbeitsrecht</subfield>
      <subfield code="2">gnd</subfield>
    </datafield>
    <datafield ind1=" " ind2="7" tag="651">
      <subfield code="0">(DE-588)4011882-4</subfield>
      <subfield code="0">http://d-nb.info/gnd/4011882-4</subfield>
      <subfield code="0">(DE-101)040118827</subfield>
      <subfield code="a">Deutschland</subfield>
      <subfield code="2">gnd</subfield>
    </datafield>
    <datafield ind1=" " ind2=" " tag="653">
      <subfield code="a">Arbeitsrecht</subfield>
    </datafield>
    <datafield ind1=" " ind2=" " tag="653">
      <subfield code="a">Deutschland</subfield>
    </datafield>
    <datafield ind1=" " ind2=" " tag="653">
      <subfield code="a">Quelle</subfield>
    </datafield>
    <datafield ind1=" " ind2="7" tag="655">
      <subfield code="0">(DE-588)4135952-5</subfield>
      <subfield code="0">http://d-nb.info/gnd/4135952-5</subfield>
      <subfield code="0">(DE-101)041359526</subfield>
      <subfield code="a">Quelle</subfield>
      <subfield code="2">gnd-content</subfield>
    </datafield>
    <datafield ind1="0" ind2="0" tag="689">
      <subfield code="0">(DE-588)4011882-4</subfield>
      <subfield code="0">http://d-nb.info/gnd/4011882-4</subfield>
      <subfield code="0">(DE-101)040118827</subfield>
      <subfield code="D">g</subfield>
      <subfield code="a">Deutschland</subfield>
    </datafield>
    <datafield ind1="0" ind2="1" tag="689">
      <subfield code="0">(DE-588)4002769-7</subfield>
      <subfield code="0">http://d-nb.info/gnd/4002769-7</subfield>
      <subfield code="0">(DE-101)040027694</subfield>
      <subfield code="D">s</subfield>
      <subfield code="a">Arbeitsrecht</subfield>
    </datafield>
    <datafield ind1="0" ind2=" " tag="689">
      <subfield code="5">DE-101</subfield>
      <subfield code="5">DE-101</subfield>
    </datafield>
    <datafield ind1="1" ind2=" " tag="700">
      <subfield code="0">(DE-588)120895846</subfield>
      <subfield code="0">http://d-nb.info/gnd/120895846</subfield>
      <subfield code="0">(DE-101)120895846</subfield>
      <subfield code="a">Richardi, Reinhard</subfield>
      <subfield code="d">1937-</subfield>
      <subfield code="e">Verfasser einer Einleitung</subfield>
      <subfield code="4">win</subfield>
    </datafield>
  </record>
  <record>
    <leader>01201nam a2200349 c 4500</leader>
    <controlfield tag="001">63532718X</controlfield>
    <controlfield tag="003">DE-601</controlfield>
    <datafield ind1=" " ind2=" " tag="035">
      <subfield code="a">(OCoLC)845984774</subfield>
    </datafield>
    <datafield ind1=" " ind2=" " tag="035">
      <subfield code="a">(DE-576)619850272</subfield>
    </datafield>
    <datafield ind1=" " ind2=" " tag="035">
      <subfield code="a">(DE-599)GBV63532718X</subfield>
    </datafield>
    <datafield ind1="0" ind2="0" tag="082">
      <subfield code="a">344.304102632</subfield>
    </datafield>
    <datafield ind1="0" ind2="0" tag="082">
      <subfield code="a">344.430102632</subfield>
    </datafield>
    <datafield ind1="0" ind2="0" tag="082">
      <subfield code="a">340</subfield>
    </datafield>
    <datafield ind1="0" ind2="9" tag="082">
      <subfield code="a">340</subfield>
    </datafield>
    <datafield ind1=" " ind2=" " tag="084">
      <subfield code="a">340</subfield>
      <subfield code="2">sdnb</subfield>
    </datafield>
    <datafield ind1=" " ind2=" " tag="084">
      <subfield code="a">86.74</subfield>
      <subfield code="9">Arbeitsrecht: Allgemeines</subfield>
      <subfield code="2">bkl</subfield>
    </datafield>
    <datafield ind1=" " ind2=" " tag="084">
      <subfield code="a">PF 230</subfield>
      <subfield code="2">rvk</subfield>
    </datafield>
    <datafield ind1="2" ind2="7" tag="611">
      <subfield code="a">Quelle</subfield>
      <subfield code="2">gnd</subfield>
    </datafield>
    <datafield ind1=" " ind2="7" tag="650">
      <subfield code="0">(DE-601)106392085</subfield>
      <subfield code="0">(DE-588)4002769-7</subfield>
      <subfield code="a">Arbeitsrecht</subfield>
      <subfield code="2">gnd</subfield>
    </datafield>
    <datafield ind1=" " ind2="7" tag="650">
      <subfield code="0">(DE-601)106392085</subfield>
      <subfield code="0">(DE-588)4002769-7</subfield>
      <subfield code="a">Arbeitsrecht</subfield>
      <subfield code="2">gnd</subfield>
    </datafield>
    <datafield ind1=" " ind2="0" tag="650">
      <subfield code="a">Labor laws and legislation</subfield>
      <subfield code="z">Germany</subfield>
    </datafield>
    <datafield ind1=" " ind2="0" tag="650">
      <subfield code="a">Labor contract</subfield>
      <subfield code="z">Germany</subfield>
    </datafield>
    <datafield ind1=" " ind2="0" tag="650">
      <subfield code="a">Employee rights</subfield>
      <subfield code="z">Germany</subfield>
    </datafield>
    <datafield ind1=" " ind2="0" tag="650">
      <subfield code="a">Industrial management</subfield>
      <subfield code="x">Employee participation</subfield>
      <subfield code="x">Law and legislation</subfield>
      <subfield code="z">Germany</subfield>
    </datafield>
    <datafield ind1=" " ind2="7" tag="651">
      <subfield code="0">(DE-601)104704861</subfield>
      <subfield code="0">(DE-588)4011882-4</subfield>
      <subfield code="a">Deutschland</subfield>
      <subfield code="2">gnd</subfield>
    </datafield>
    <datafield ind1="0" ind2="0" tag="689">
      <subfield code="0">(DE-601)104704861</subfield>
      <subfield code="0">(DE-588)4011882-4</subfield>
      <subfield code="D">g</subfield>
      <subfield code="a">Deutschland</subfield>
    </datafield>
    <datafield ind1="0" ind2="1" tag="689">
      <subfield code="0">(DE-601)106392085</subfield>
      <subfield code="0">(DE-588)4002769-7</subfield>
      <subfield code="D">s</subfield>
      <subfield code="a">Arbeitsrecht</subfield>
    </datafield>
    <datafield ind1="0" ind2="2" tag="689">
      <subfield code="A">f</subfield>
      <subfield code="a">Quelle</subfield>
    </datafield>
    <datafield ind1="0" ind2=" " tag="689">
      <subfield code="5">DE-101</subfield>
    </datafield>
    <datafield ind1="0" ind2="0" tag="689">
      <subfield code="0">(DE-601)106392085</subfield>
      <subfield code="0">(DE-588)4002769-7</subfield>
      <subfield code="D">s</subfield>
      <subfield code="a">Arbeitsrecht</subfield>
    </datafield>
    <datafield ind1="0" ind2=" " tag="689">
      <subfield code="5">DE-601</subfield>
    </datafield>
    <datafield ind1="1" ind2=" " tag="700">
      <subfield code="a">Richardi, Reinhard</subfield>
      <subfield code="0">(DE-601)080953956</subfield>
      <subfield code="0">(DE-588)120895846</subfield>
    </datafield>
  </record>
  <record>
    <leader>01207nam a2200337 c 4500</leader>
    <controlfield tag="001">607892242</controlfield>
    <controlfield tag="003">DE-601</controlfield>
    <datafield ind1=" " ind2=" " tag="035">
      <subfield code="a">(OCoLC)552116205</subfield>
    </datafield>
    <datafield ind1=" " ind2=" " tag="035">
      <subfield code="a">(DE-599)GBV607892242</subfield>
    </datafield>
    <datafield ind1="0" ind2="0" tag="082">
      <subfield code="a">344.304102632</subfield>
    </datafield>
    <datafield ind1="0" ind2="0" tag="082">
      <subfield code="a">344.430102632</subfield>
    </datafield>
    <datafield ind1="0" ind2="9" tag="082">
      <subfield code="a">340</subfield>
    </datafield>
    <datafield ind1=" " ind2=" " tag="084">
      <subfield code="a">340</subfield>
      <subfield code="2">sdnb</subfield>
    </datafield>
    <datafield ind1=" " ind2=" " tag="084">
      <subfield code="a">86.74</subfield>
      <subfield code="9">Arbeitsrecht: Allgemeines</subfield>
      <subfield code="2">bkl</subfield>
    </datafield>
    <datafield ind1=" " ind2=" " tag="084">
      <subfield code="a">PF 230</subfield>
      <subfield code="2">rvk</subfield>
    </datafield>
    <datafield ind1="2" ind2="7" tag="611">
      <subfield code="a">Quelle</subfield>
      <subfield code="2">gnd</subfield>
    </datafield>
    <datafield ind1=" " ind2="7" tag="650">
      <subfield code="0">(DE-601)106392085</subfield>
      <subfield code="0">(DE-588)4002769-7</subfield>
      <subfield code="a">Arbeitsrecht</subfield>
      <subfield code="2">gnd</subfield>
    </datafield>
    <datafield ind1=" " ind2="0" tag="650">
      <subfield code="a">Labor laws and legislation</subfield>
      <subfield code="z">Germany</subfield>
    </datafield>
    <datafield ind1=" " ind2="0" tag="650">
      <subfield code="a">Labor contract</subfield>
      <subfield code="z">Germany</subfield>
    </datafield>
    <datafield ind1=" " ind2="0" tag="650">
      <subfield code="a">Employee rights</subfield>
      <subfield code="z">Germany</subfield>
    </datafield>
    <datafield ind1=" " ind2="0" tag="650">
      <subfield code="a">Industrial management</subfield>
      <subfield code="x">Employee participation</subfield>
      <subfield code="x">Law and legislation</subfield>
      <subfield code="z">Germany</subfield>
    </datafield>
    <datafield ind1=" " ind2="7" tag="651">
      <subfield code="0">(DE-601)104704861</subfield>
      <subfield code="0">(DE-588)4011882-4</subfield>
      <subfield code="a">Deutschland</subfield>
      <subfield code="2">gnd</subfield>
    </datafield>
    <datafield ind1=" " ind2="0" tag="653">
      <subfield code="a">Employee rights</subfield>
      <subfield code="a">Germany</subfield>
    </datafield>
    <datafield ind1=" " ind2="0" tag="653">
      <subfield code="a">Industrial management</subfield>
      <subfield code="a">Employee participation</subfield>
      <subfield code="a">Law and legislation</subfield>
      <subfield code="a">Germany</subfield>
    </datafield>
    <datafield ind1=" " ind2="0" tag="653">
      <subfield code="a">Labor contract</subfield>
      <subfield code="a">Germany</subfield>
    </datafield>
    <datafield ind1=" " ind2="0" tag="653">
      <subfield code="a">Labor laws and legislation</subfield>
      <subfield code="a">Germany</subfield>
    </datafield>
    <datafield ind1="0" ind2="0" tag="689">
      <subfield code="0">(DE-601)104704861</subfield>
      <subfield code="0">(DE-588)4011882-4</subfield>
      <subfield code="D">g</subfield>
      <subfield code="a">Deutschland</subfield>
    </datafield>
    <datafield ind1="0" ind2="1" tag="689">
      <subfield code="0">(DE-601)106392085</subfield>
      <subfield code="0">(DE-588)4002769-7</subfield>
      <subfield code="D">s</subfield>
      <subfield code="a">Arbeitsrecht</subfield>
    </datafield>
    <datafield ind1="0" ind2="2" tag="689">
      <subfield code="A">f</subfield>
      <subfield code="a">Quelle</subfield>
    </datafield>
    <datafield ind1="0" ind2=" " tag="689">
      <subfield code="5">DE-101</subfield>
    </datafield>
    <datafield ind1="1" ind2=" " tag="700">
      <subfield code="a">Richardi, Reinhard</subfield>
      <subfield code="0">(DE-601)080953956</subfield>
      <subfield code="0">(DE-588)120895846</subfield>
    </datafield>
  </record>
  <record>
    <leader>01221nam a2200337 c 4500</leader>
    <controlfield tag="001">378122223</controlfield>
    <controlfield tag="003">DE-601</controlfield>
    <datafield ind1=" " ind2=" " tag="035">
      <subfield code="a">(OCoLC)249892364</subfield>
    </datafield>
    <datafield ind1=" " ind2=" " tag="035">
      <subfield code="a">(DE-599)GBV378122223</subfield>
    </datafield>
    <datafield ind1="0" ind2="0" tag="082">
      <subfield code="a">344.43/01/02632</subfield>
    </datafield>
    <datafield ind1="0" ind2="9" tag="082">
      <subfield code="a">340</subfield>
    </datafield>
    <datafield ind1=" " ind2=" " tag="084">
      <subfield code="a">R 415</subfield>
      <subfield code="2">sfb</subfield>
    </datafield>
    <datafield ind1=" " ind2=" " tag="084">
      <subfield code="a">19</subfield>
      <subfield code="2">sdnb</subfield>
    </datafield>
    <datafield ind1=" " ind2=" " tag="084">
      <subfield code="a">86.74</subfield>
      <subfield code="9">Arbeitsrecht: Allgemeines</subfield>
      <subfield code="2">bkl</subfield>
    </datafield>
    <datafield ind1=" " ind2=" " tag="084">
      <subfield code="a">PF 230</subfield>
      <subfield code="2">rvk</subfield>
    </datafield>
    <datafield ind1=" " ind2=" " tag="084">
      <subfield code="a">for</subfield>
      <subfield code="q">DE-601</subfield>
      <subfield code="2">z</subfield>
    </datafield>
    <datafield ind1="2" ind2="7" tag="611">
      <subfield code="a">Quelle</subfield>
      <subfield code="2">gnd</subfield>
    </datafield>
    <datafield ind1=" " ind2="7" tag="650">
      <subfield code="0">(DE-601)106392085</subfield>
      <subfield code="0">(DE-588)4002769-7</subfield>
      <subfield code="a">Arbeitsrecht</subfield>
      <subfield code="2">gnd</subfield>
    </datafield>
    <datafield ind1=" " ind2="7" tag="650">
      <subfield code="0">(DE-601)106392085</subfield>
      <subfield code="0">(DE-588)4002769-7</subfield>
      <subfield code="a">Arbeitsrecht</subfield>
      <subfield code="2">gnd</subfield>
    </datafield>
    <datafield ind1=" " ind2="7" tag="650">
      <subfield code="0">(DE-601)105661236</subfield>
      <subfield code="0">(DE-588)4135952-5</subfield>
      <subfield code="a">Quelle</subfield>
      <subfield code="2">gnd</subfield>
    </datafield>
    <datafield ind1=" " ind2="7" tag="651">
      <subfield code="0">(DE-601)104704861</subfield>
      <subfield code="0">(DE-588)4011882-4</subfield>
      <subfield code="a">Deutschland</subfield>
      <subfield code="2">gnd</subfield>
    </datafield>
    <datafield ind1=" " ind2="7" tag="651">
      <subfield code="0">(DE-601)104704861</subfield>
      <subfield code="0">(DE-588)4011882-4</subfield>
      <subfield code="a">Deutschland</subfield>
      <subfield code="2">gnd</subfield>
    </datafield>
    <datafield ind1="0" ind2="0" tag="689">
      <subfield code="0">(DE-601)104704861</subfield>
      <subfield code="0">(DE-588)4011882-4</subfield>
      <subfield code="D">g</subfield>
      <subfield code="a">Deutschland</subfield>
    </datafield>
    <datafield ind1="0" ind2="1" tag="689">
      <subfield code="0">(DE-601)106392085</subfield>
      <subfield code="0">(DE-588)4002769-7</subfield>
      <subfield code="D">s</subfield>
      <subfield code="a">Arbeitsrecht</subfield>
    </datafield>
    <datafield ind1="0" ind2="2" tag="689">
      <subfield code="A">f</subfield>
      <subfield code="a">Quelle</subfield>
    </datafield>
    <datafield ind1="0" ind2=" " tag="689">
      <subfield code="5">DE-101</subfield>
    </datafield>
    <datafield ind1="0" ind2="0" tag="689">
      <subfield code="0">(DE-601)104704861</subfield>
      <subfield code="0">(DE-588)4011882-4</subfield>
      <subfield code="D">g</subfield>
      <subfield code="a">Deutschland</subfield>
    </datafield>
    <datafield ind1="0" ind2="1" tag="689">
      <subfield code="0">(DE-601)106392085</subfield>
      <subfield code="0">(DE-588)4002769-7</subfield>
      <subfield code="D">s</subfield>
      <subfield code="a">Arbeitsrecht</subfield>
    </datafield>
    <datafield ind1="0" ind2="2" tag="689">
      <subfield code="0">(DE-601)105661236</subfield>
      <subfield code="0">(DE-588)4135952-5</subfield>
      <subfield code="D">s</subfield>
      <subfield code="a">Quelle</subfield>
    </datafield>
    <datafield ind1="0" ind2=" " tag="689">
      <subfield code="5">DE-601</subfield>
    </datafield>
    <datafield ind1="1" ind2=" " tag="700">
      <subfield code="a">Richardi, Reinhard</subfield>
      <subfield code="0">(DE-601)080953956</subfield>
      <subfield code="0">(DE-588)120895846</subfield>
    </datafield>
  </record>
  <record>
    <leader>01241nam a2200385 c 4500</leader>
    <controlfield tag="001">653942745</controlfield>
    <controlfield tag="003">DE-601</controlfield>
    <datafield ind1=" " ind2=" " tag="035">
      <subfield code="a">(OCoLC)846469441</subfield>
    </datafield>
    <datafield ind1=" " ind2=" " tag="035">
      <subfield code="a">(DE-599)GBV653942745</subfield>
    </datafield>
    <datafield ind1="0" ind2="0" tag="082">
      <subfield code="a">344.304102632</subfield>
    </datafield>
    <datafield ind1="0" ind2="0" tag="082">
      <subfield code="a">344.430102632</subfield>
    </datafield>
    <datafield ind1="0" ind2="0" tag="082">
      <subfield code="a">340</subfield>
    </datafield>
    <datafield ind1="0" ind2="9" tag="082">
      <subfield code="a">340</subfield>
    </datafield>
    <datafield ind1=" " ind2=" " tag="084">
      <subfield code="a">340</subfield>
      <subfield code="2">sdnb</subfield>
    </datafield>
    <datafield ind1=" " ind2=" " tag="084">
      <subfield code="a">86.74</subfield>
      <subfield code="9">Arbeitsrecht: Allgemeines</subfield>
      <subfield code="2">bkl</subfield>
    </datafield>
    <datafield ind1=" " ind2=" " tag="084">
      <subfield code="a">PF 230</subfield>
      <subfield code="2">rvk</subfield>
    </datafield>
    <datafield ind1="2" ind2="7" tag="611">
      <subfield code="a">Quelle</subfield>
      <subfield code="2">gnd</subfield>
    </datafield>
    <datafield ind1=" " ind2="7" tag="650">
      <subfield code="0">(DE-601)106392085</subfield>
      <subfield code="0">(DE-588)4002769-7</subfield>
      <subfield code="a">Arbeitsrecht</subfield>
      <subfield code="2">gnd</subfield>
    </datafield>
    <datafield ind1=" " ind2="7" tag="651">
      <subfield code="0">(DE-601)104704861</subfield>
      <subfield code="0">(DE-588)4011882-4</subfield>
      <subfield code="a">Deutschland</subfield>
      <subfield code="2">gnd</subfield>
    </datafield>
    <datafield ind1=" " ind2="0" tag="653">
      <subfield code="a">Labor laws and legislation</subfield>
      <subfield code="a">Germany</subfield>
    </datafield>
    <datafield ind1=" " ind2="0" tag="653">
      <subfield code="a">Employee rights</subfield>
      <subfield code="a">Germany</subfield>
    </datafield>
    <datafield ind1=" " ind2="0" tag="653">
      <subfield code="a">Industrial management</subfield>
      <subfield code="a">Employee participation</subfield>
      <subfield code="a">Law and legislation</subfield>
      <subfield code="a">Germany</subfield>
    </datafield>
    <datafield ind1=" " ind2="0" tag="653">
      <subfield code="a">Labor contract</subfield>
      <subfield code="a">Germany</subfield>
    </datafield>
    <datafield ind1=" " ind2="0" tag="653">
      <subfield code="a">Labor laws and legislation</subfield>
      <subfield code="a">Germany</subfield>
    </datafield>
    <datafield ind1=" " ind2="0" tag="653">
      <subfield code="a">Labor laws and legislation</subfield>
      <subfield code="a">Germany</subfield>
    </datafield>
    <datafield ind1=" " ind2="7" tag="655">
      <subfield code="a">Arbeitsrecht</subfield>
      <subfield code="2">gnd</subfield>
    </datafield>
    <datafield ind1=" " ind2="7" tag="655">
      <subfield code="a">Recht</subfield>
      <subfield code="2">gnd</subfield>
    </datafield>
    <datafield ind1="0" ind2="0" tag="689">
      <subfield code="0">(DE-601)104704861</subfield>
      <subfield code="0">(DE-588)4011882-4</subfield>
      <subfield code="D">g</subfield>
      <subfield code="a">Deutschland</subfield>
    </datafield>
    <datafield ind1="0" ind2="1" tag="689">
      <subfield code="0">(DE-601)106392085</subfield>
      <subfield code="0">(DE-588)4002769-7</subfield>
      <subfield code="D">s</subfield>
      <subfield code="a">Arbeitsrecht</subfield>
    </datafield>
    <datafield ind1="0" ind2="2" tag="689">
      <subfield code="A">f</subfield>
      <subfield code="a">Quelle</subfield>
    </datafield>
    <datafield ind1="0" ind2=" " tag="689">
      <subfield code="5">DE-101</subfield>
    </datafield>
    <datafield ind1="0" ind2="0" tag="689">
      <subfield code="a">Arbeitsrecht</subfield>
    </datafield>
    <datafield ind1="0" ind2="1" tag="689">
      <subfield code="a">Recht</subfield>
    </datafield>
    <datafield ind1="0" ind2=" " tag="689">
      <subfield code="5">DE-601</subfield>
    </datafield>
    <datafield ind1="1" ind2=" " tag="700">
      <subfield code="a">Richardi, Reinhard</subfield>
      <subfield code="0">(DE-601)080953956</subfield>
      <subfield code="0">(DE-588)120895846</subfield>
    </datafield>
  </record>
  <record>
    <leader>01353nam a2200373 c 4500</leader>
    <controlfield tag="001">BV025240944</controlfield>
    <controlfield tag="003">DE-604</controlfield>
    <datafield ind1=" " ind2=" " tag="035">
      <subfield code="a">(OCoLC)917011501</subfield>
    </datafield>
    <datafield ind1=" " ind2=" " tag="035">
      <subfield code="a">(DE-599)BVBBV025240944</subfield>
    </datafield>
    <datafield ind1="2" ind2="7" tag="610">
      <subfield code="a">Deutschland</subfield>
      <subfield code="t">Tarifvertragsgesetz</subfield>
      <subfield code="0">(DE-588)4184472-5</subfield>
      <subfield code="2">gnd</subfield>
    </datafield>
    <datafield ind1="0" ind2="7" tag="650">
      <subfield code="a">Mitbestimmungsrecht</subfield>
      <subfield code="0">(DE-588)4114608-6</subfield>
      <subfield code="2">gnd</subfield>
    </datafield>
    <datafield ind1="0" ind2="7" tag="650">
      <subfield code="a">Kndigungsschutz</subfield>
      <subfield code="0">(DE-588)4033413-2</subfield>
      <subfield code="2">gnd</subfield>
    </datafield>
    <datafield ind1="0" ind2="7" tag="650">
      <subfield code="a">Verfahrensrecht</subfield>
      <subfield code="0">(DE-588)4126493-9</subfield>
      <subfield code="2">gnd</subfield>
    </datafield>
    <datafield ind1="0" ind2="7" tag="650">
      <subfield code="a">Arbeitsschutzrecht</subfield>
      <subfield code="0">(DE-588)4112578-2</subfield>
      <subfield code="2">gnd</subfield>
    </datafield>
    <datafield ind1="0" ind2="7" tag="650">
      <subfield code="a">Betriebsverfassungsrecht</subfield>
      <subfield code="0">(DE-588)4122914-9</subfield>
      <subfield code="2">gnd</subfield>
    </datafield>
    <datafield ind1="0" ind2="7" tag="650">
      <subfield code="a">Berufsbildungsrecht</subfield>
      <subfield code="0">(DE-588)4144756-6</subfield>
      <subfield code="2">gnd</subfield>
    </datafield>
    <datafield ind1="0" ind2="7" tag="650">
      <subfield code="a">Arbeitsgesetzbuch</subfield>
      <subfield code="0">(DE-588)4142894-8</subfield>
      <subfield code="2">gnd</subfield>
    </datafield>
    <datafield ind1="0" ind2="0" tag="689">
      <subfield code="a">Arbeitsgesetzbuch</subfield>
      <subfield code="0">(DE-588)4142894-8</subfield>
      <subfield code="D">s</subfield>
    </datafield>
    <datafield ind1="0" ind2=" " tag="689">
      <subfield code="5">DE-604</subfield>
    </datafield>
    <datafield ind1="1" ind2="0" tag="689">
      <subfield code="a">Kndigungsschutz</subfield>
      <subfield code="0">(DE-588)4033413-2</subfield>
      <subfield code="D">s</subfield>
    </datafield>
    <datafield ind1="1" ind2=" " tag="689">
      <subfield code="5">DE-604</subfield>
    </datafield>
    <datafield ind1="2" ind2="0" tag="689">
      <subfield code="a">Arbeitsschutzrecht</subfield>
      <subfield code="0">(DE-588)4112578-2</subfield>
      <subfield code="D">s</subfield>
    </datafield>
    <datafield ind1="2" ind2=" " tag="689">
      <subfield code="5">DE-604</subfield>
    </datafield>
    <datafield ind1="3" ind2="0" tag="689">
      <subfield code="a">Berufsbildungsrecht</subfield>
      <subfield code="0">(DE-588)4144756-6</subfield>
      <subfield code="D">s</subfield>
    </datafield>
    <datafield ind1="3" ind2=" " tag="689">
      <subfield code="5">DE-604</subfield>
    </datafield>
    <datafield ind1="4" ind2="0" tag="689">
      <subfield code="a">Deutschland</subfield>
      <subfield code="t">Tarifvertragsgesetz</subfield>
      <subfield code="0">(DE-588)4184472-5</subfield>
      <subfield code="D">u</subfield>
    </datafield>
    <datafield ind1="4" ind2=" " tag="689">
      <subfield code="5">DE-604</subfield>
    </datafield>
    <datafield ind1="5" ind2="0" tag="689">
      <subfield code="a">Betriebsverfassungsrecht</subfield>
      <subfield code="0">(DE-588)4122914-9</subfield>
      <subfield code="D">s</subfield>
    </datafield>
    <datafield ind1="5" ind2=" " tag="689">
      <subfield code="5">DE-604</subfield>
    </datafield>
    <datafield ind1="6" ind2="0" tag="689">
      <subfield code="a">Mitbestimmungsrecht</subfield>
      <subfield code="0">(DE-588)4114608-6</subfield>
      <subfield code="D">s</subfield>
    </datafield>
    <datafield ind1="6" ind2=" " tag="689">
      <subfield code="5">DE-604</subfield>
    </datafield>
    <datafield ind1="7" ind2="0" tag="689">
      <subfield code="a">Verfahrensrecht</subfield>
      <subfield code="0">(DE-588)4126493-9</subfield>
      <subfield code="D">s</subfield>
    </datafield>
    <datafield ind1="7" ind2=" " tag="689">
      <subfield code="5">DE-604</subfield>
    </datafield>
    <datafield ind1="1" ind2=" " tag="700">
      <subfield code="a">Richardi, Reinhard</subfield>
      <subfield code="d">1937-</subfield>
      <subfield code="0">(DE-588)120895846</subfield>
      <subfield code="4">edt</subfield>
    </datafield>
  </record>