
  <record>
    <leader>01380cam a2200277   4500</leader>
    <controlfield tag="001">492965803</controlfield>
    <controlfield tag="003">DE-576</controlfield>
    <datafield ind1=" " ind2=" " tag="035">
      <subfield code="a">(OCoLC)1004927029</subfield>
    </datafield>
    <datafield ind1=" " ind2=" " tag="035">
      <subfield code="a">(OCoLC)1002251859</subfield>
    </datafield>
    <datafield ind1=" " ind2=" " tag="035">
      <subfield code="a">(DE-599)BSZ492965803</subfield>
    </datafield>
    <datafield ind1="0" ind2=" " tag="082">
      <subfield code="a">344.43010263</subfield>
    </datafield>
    <datafield ind1="0" ind2=" " tag="082">
      <subfield code="a">340</subfield>
    </datafield>
    <datafield ind1="0" ind2=" " tag="082">
      <subfield code="a">330#DNB</subfield>
    </datafield>
    <datafield ind1=" " ind2=" " tag="084">
      <subfield code="a">SZ6</subfield>
      <subfield code="2">FIV</subfield>
    </datafield>
    <datafield ind1=" " ind2=" " tag="084">
      <subfield code="a">RA05.01</subfield>
      <subfield code="2">FIV</subfield>
    </datafield>
    <datafield ind1=" " ind2=" " tag="084">
      <subfield code="a">SZ6</subfield>
      <subfield code="2">FIV</subfield>
    </datafield>
    <datafield ind1=" " ind2=" " tag="084">
      <subfield code="a">RA05.01</subfield>
      <subfield code="2">FIV</subfield>
    </datafield>
    <datafield ind1=" " ind2=" " tag="084">
      <subfield code="a">PF 230</subfield>
      <subfield code="2">rvk</subfield>
    </datafield>
    <datafield ind1="2" ind2=" " tag="110">
      <subfield code="a">Deutschland</subfield>
      <subfield code="e">Normerlassende Gebietskrperschaft</subfield>
      <subfield code="0">(DE-588)4011882-4</subfield>
      <subfield code="0">(DE-576)208896155</subfield>
      <subfield code="4">enj</subfield>
    </datafield>
    <datafield ind1=" " ind2="4" tag="650">
      <subfield code="a">Deutschland</subfield>
      <subfield code="x">Arbeitsrecht</subfield>
      <subfield code="x">Gesetz</subfield>
      <subfield code="x">Arbeitnehmer</subfield>
      <subfield code="x">Arbeitssicherheit</subfield>
      <subfield code="x">Kndigung von Beschftigungsverhltnissen</subfield>
      <subfield code="x">Ausbildung/Berufliche Bildung</subfield>
      <subfield code="x">Tarifrecht</subfield>
      <subfield code="x">Betriebsverfassung</subfield>
      <subfield code="x">Mitwirkung/Mitbestimmung im Betrieb</subfield>
      <subfield code="x">Arbeitnehmervertretung</subfield>
    </datafield>
    <datafield ind1=" " ind2="4" tag="650">
      <subfield code="a">Germany</subfield>
      <subfield code="x">Labour law</subfield>
      <subfield code="x">Statutes (laws)</subfield>
      <subfield code="x">Employees</subfield>
      <subfield code="x">Occupational safety</subfield>
      <subfield code="x">Notice of termination of employment</subfield>
      <subfield code="x">Professional/vocational education</subfield>
      <subfield code="x">Collective bargaining law</subfield>
      <subfield code="x">Labour relations regulations</subfield>
      <subfield code="x">Worker participation/codetermination</subfield>
      <subfield code="x">Employee representation</subfield>
    </datafield>
    <datafield ind1=" " ind2="7" tag="655">
      <subfield code="a">Quelle</subfield>
      <subfield code="0">(DE-588)4135952-5</subfield>
      <subfield code="0">(DE-576)209665084</subfield>
      <subfield code="2">gnd-content</subfield>
    </datafield>
    <datafield ind1="0" ind2="0" tag="689">
      <subfield code="D">g</subfield>
      <subfield code="0">(DE-588)4011882-4</subfield>
      <subfield code="0">(DE-576)208896155</subfield>
      <subfield code="2">gnd</subfield>
      <subfield code="a">Deutschland</subfield>
    </datafield>
    <datafield ind1="0" ind2="1" tag="689">
      <subfield code="D">s</subfield>
      <subfield code="0">(DE-588)4002769-7</subfield>
      <subfield code="0">(DE-576)208848622</subfield>
      <subfield code="2">gnd</subfield>
      <subfield code="a">Arbeitsrecht</subfield>
    </datafield>
    <datafield ind1="0" ind2=" " tag="689">
      <subfield code="5">DE-101</subfield>
    </datafield>
    <datafield ind1="1" ind2=" " tag="700">
      <subfield code="a">Richardi, Reinhard</subfield>
      <subfield code="d">1937-</subfield>
      <subfield code="e">VerfasserIn einer Einleitung</subfield>
      <subfield code="0">(DE-588)120895846</subfield>
      <subfield code="0">(DE-576)162716834</subfield>
      <subfield code="4">win</subfield>
    </datafield>
  </record>
  <record>
    <leader>01381nam a2200385 c 4500</leader>
    <controlfield tag="001">BV025241468</controlfield>
    <controlfield tag="003">DE-604</controlfield>
    <datafield ind1=" " ind2=" " tag="035">
      <subfield code="a">(OCoLC)917013416</subfield>
    </datafield>
    <datafield ind1=" " ind2=" " tag="035">
      <subfield code="a">(DE-599)BVBBV025241468</subfield>
    </datafield>
    <datafield ind1=" " ind2=" " tag="084">
      <subfield code="a">PF 230</subfield>
      <subfield code="2">rvk</subfield>
    </datafield>
    <datafield ind1="2" ind2="7" tag="610">
      <subfield code="a">Deutschland</subfield>
      <subfield code="t">Tarifvertragsgesetz</subfield>
      <subfield code="0">(DE-588)4184472-5</subfield>
      <subfield code="2">gnd</subfield>
    </datafield>
    <datafield ind1="0" ind2="7" tag="650">
      <subfield code="a">Verfahrensrecht</subfield>
      <subfield code="0">(DE-588)4126493-9</subfield>
      <subfield code="2">gnd</subfield>
    </datafield>
    <datafield ind1="0" ind2="7" tag="650">
      <subfield code="a">Berufsbildungsrecht</subfield>
      <subfield code="0">(DE-588)4144756-6</subfield>
      <subfield code="2">gnd</subfield>
    </datafield>
    <datafield ind1="0" ind2="7" tag="650">
      <subfield code="a">Kndigungsschutz</subfield>
      <subfield code="0">(DE-588)4033413-2</subfield>
      <subfield code="2">gnd</subfield>
    </datafield>
    <datafield ind1="0" ind2="7" tag="650">
      <subfield code="a">Arbeitsschutzrecht</subfield>
      <subfield code="0">(DE-588)4112578-2</subfield>
      <subfield code="2">gnd</subfield>
    </datafield>
    <datafield ind1="0" ind2="7" tag="650">
      <subfield code="a">Betriebsverfassungsrecht</subfield>
      <subfield code="0">(DE-588)4122914-9</subfield>
      <subfield code="2">gnd</subfield>
    </datafield>
    <datafield ind1="0" ind2="7" tag="650">
      <subfield code="a">Arbeitsgesetzbuch</subfield>
      <subfield code="0">(DE-588)4142894-8</subfield>
      <subfield code="2">gnd</subfield>
    </datafield>
    <datafield ind1="0" ind2="7" tag="650">
      <subfield code="a">Mitbestimmungsrecht</subfield>
      <subfield code="0">(DE-588)4114608-6</subfield>
      <subfield code="2">gnd</subfield>
    </datafield>
    <datafield ind1="0" ind2="0" tag="689">
      <subfield code="a">Arbeitsgesetzbuch</subfield>
      <subfield code="0">(DE-588)4142894-8</subfield>
      <subfield code="D">s</subfield>
    </datafield>
    <datafield ind1="0" ind2=" " tag="689">
      <subfield code="5">DE-604</subfield>
    </datafield>
    <datafield ind1="1" ind2="0" tag="689">
      <subfield code="a">Kndigungsschutz</subfield>
      <subfield code="0">(DE-588)4033413-2</subfield>
      <subfield code="D">s</subfield>
    </datafield>
    <datafield ind1="1" ind2=" " tag="689">
      <subfield code="5">DE-604</subfield>
    </datafield>
    <datafield ind1="2" ind2="0" tag="689">
      <subfield code="a">Arbeitsschutzrecht</subfield>
      <subfield code="0">(DE-588)4112578-2</subfield>
      <subfield code="D">s</subfield>
    </datafield>
    <datafield ind1="2" ind2=" " tag="689">
      <subfield code="5">DE-604</subfield>
    </datafield>
    <datafield ind1="3" ind2="0" tag="689">
      <subfield code="a">Berufsbildungsrecht</subfield>
      <subfield code="0">(DE-588)4144756-6</subfield>
      <subfield code="D">s</subfield>
    </datafield>
    <datafield ind1="3" ind2=" " tag="689">
      <subfield code="5">DE-604</subfield>
    </datafield>
    <datafield ind1="4" ind2="0" tag="689">
      <subfield code="a">Deutschland</subfield>
      <subfield code="t">Tarifvertragsgesetz</subfield>
      <subfield code="0">(DE-588)4184472-5</subfield>
      <subfield code="D">u</subfield>
    </datafield>
    <datafield ind1="4" ind2=" " tag="689">
      <subfield code="5">DE-604</subfield>
    </datafield>
    <datafield ind1="5" ind2="0" tag="689">
      <subfield code="a">Betriebsverfassungsrecht</subfield>
      <subfield code="0">(DE-588)4122914-9</subfield>
      <subfield code="D">s</subfield>
    </datafield>
    <datafield ind1="5" ind2=" " tag="689">
      <subfield code="5">DE-604</subfield>
    </datafield>
    <datafield ind1="6" ind2="0" tag="689">
      <subfield code="a">Mitbestimmungsrecht</subfield>
      <subfield code="0">(DE-588)4114608-6</subfield>
      <subfield code="D">s</subfield>
    </datafield>
    <datafield ind1="6" ind2=" " tag="689">
      <subfield code="5">DE-604</subfield>
    </datafield>
    <datafield ind1="7" ind2="0" tag="689">
      <subfield code="a">Verfahrensrecht</subfield>
      <subfield code="0">(DE-588)4126493-9</subfield>
      <subfield code="D">s</subfield>
    </datafield>
    <datafield ind1="7" ind2=" " tag="689">
      <subfield code="5">DE-604</subfield>
    </datafield>
    <datafield ind1="1" ind2=" " tag="700">
      <subfield code="a">Richardi, Reinhard</subfield>
      <subfield code="d">1937-</subfield>
      <subfield code="0">(DE-588)120895846</subfield>
      <subfield code="4">edt</subfield>
    </datafield>
  </record>
  <record>
    <leader>01416nam a2200337 c 4500</leader>
    <controlfield tag="001">767845722</controlfield>
    <controlfield tag="003">DE-601</controlfield>
    <datafield ind1=" " ind2=" " tag="035">
      <subfield code="a">(OCoLC)934966139</subfield>
    </datafield>
    <datafield ind1=" " ind2=" " tag="035">
      <subfield code="a">(DE-599)GBV767845722</subfield>
    </datafield>
    <datafield ind1="0" ind2="0" tag="082">
      <subfield code="a">344.43010263</subfield>
    </datafield>
    <datafield ind1="0" ind2="9" tag="082">
      <subfield code="a">340</subfield>
    </datafield>
    <datafield ind1=" " ind2=" " tag="084">
      <subfield code="a">340</subfield>
      <subfield code="2">sdnb</subfield>
    </datafield>
    <datafield ind1=" " ind2=" " tag="084">
      <subfield code="a">86.74</subfield>
      <subfield code="9">Arbeitsrecht: Allgemeines</subfield>
      <subfield code="2">bkl</subfield>
    </datafield>
    <datafield ind1=" " ind2=" " tag="084">
      <subfield code="a">PF 200</subfield>
      <subfield code="2">rvk</subfield>
    </datafield>
    <datafield ind1=" " ind2=" " tag="084">
      <subfield code="a">PF 230</subfield>
      <subfield code="2">rvk</subfield>
    </datafield>
    <datafield ind1="2" ind2="7" tag="611">
      <subfield code="a">Quelle</subfield>
      <subfield code="2">gnd</subfield>
    </datafield>
    <datafield ind1=" " ind2="7" tag="650">
      <subfield code="0">(DE-601)106392085</subfield>
      <subfield code="0">(DE-588)4002769-7</subfield>
      <subfield code="a">Arbeitsrecht</subfield>
      <subfield code="2">gnd</subfield>
    </datafield>
    <datafield ind1=" " ind2="7" tag="650">
      <subfield code="8">1.1\x</subfield>
      <subfield code="a">Arbeitsrecht</subfield>
      <subfield code="0">(DE-601)091347769</subfield>
      <subfield code="0">(DE-STW)11185-0</subfield>
      <subfield code="2">stw</subfield>
    </datafield>
    <datafield ind1=" " ind2="7" tag="650">
      <subfield code="8">1.2\x</subfield>
      <subfield code="a">Kundigungsschutz</subfield>
      <subfield code="0">(DE-601)091373301</subfield>
      <subfield code="0">(DE-STW)16142-0</subfield>
      <subfield code="2">stw</subfield>
    </datafield>
    <datafield ind1=" " ind2="7" tag="650">
      <subfield code="8">1.3\x</subfield>
      <subfield code="a">Betriebsverfassung</subfield>
      <subfield code="0">(DE-601)091351308</subfield>
      <subfield code="0">(DE-STW)16136-2</subfield>
      <subfield code="2">stw</subfield>
    </datafield>
    <datafield ind1=" " ind2="7" tag="650">
      <subfield code="8">1.4\x</subfield>
      <subfield code="a">Betriebliche Altersversorgung</subfield>
      <subfield code="0">(DE-601)091350859</subfield>
      <subfield code="0">(DE-STW)12591-5</subfield>
      <subfield code="2">stw</subfield>
    </datafield>
    <datafield ind1=" " ind2="7" tag="650">
      <subfield code="8">1.5\x</subfield>
      <subfield code="a">Arbeitsmigranten</subfield>
      <subfield code="0">(DE-601)091348838</subfield>
      <subfield code="0">(DE-STW)11268-3</subfield>
      <subfield code="2">stw</subfield>
    </datafield>
    <datafield ind1=" " ind2="7" tag="650">
      <subfield code="8">1.6\x</subfield>
      <subfield code="a">Mitbestimmung</subfield>
      <subfield code="0">(DE-601)091378281</subfield>
      <subfield code="0">(DE-STW)11310-2</subfield>
      <subfield code="2">stw</subfield>
    </datafield>
    <datafield ind1=" " ind2="7" tag="650">
      <subfield code="8">1.7\x</subfield>
      <subfield code="a">Antidiskriminierungsrecht</subfield>
      <subfield code="0">(DE-601)543762068</subfield>
      <subfield code="0">(DE-STW)29752-1</subfield>
      <subfield code="2">stw</subfield>
    </datafield>
    <datafield ind1=" " ind2="7" tag="650">
      <subfield code="8">1.8\x</subfield>
      <subfield code="a">Deutschland</subfield>
      <subfield code="0">(DE-601)091354749</subfield>
      <subfield code="0">(DE-STW)18012-3</subfield>
      <subfield code="2">stw</subfield>
    </datafield>
    <datafield ind1=" " ind2="7" tag="651">
      <subfield code="0">(DE-601)104704861</subfield>
      <subfield code="0">(DE-588)4011882-4</subfield>
      <subfield code="a">Deutschland</subfield>
      <subfield code="2">gnd</subfield>
    </datafield>
    <datafield ind1="0" ind2="0" tag="689">
      <subfield code="0">(DE-601)104704861</subfield>
      <subfield code="0">(DE-588)4011882-4</subfield>
      <subfield code="D">g</subfield>
      <subfield code="a">Deutschland</subfield>
    </datafield>
    <datafield ind1="0" ind2="1" tag="689">
      <subfield code="0">(DE-601)106392085</subfield>
      <subfield code="0">(DE-588)4002769-7</subfield>
      <subfield code="D">s</subfield>
      <subfield code="a">Arbeitsrecht</subfield>
    </datafield>
    <datafield ind1="0" ind2="2" tag="689">
      <subfield code="A">f</subfield>
      <subfield code="a">Quelle</subfield>
    </datafield>
    <datafield ind1="0" ind2=" " tag="689">
      <subfield code="5">DE-101</subfield>
    </datafield>
    <datafield ind1="1" ind2=" " tag="700">
      <subfield code="a">Richardi, Reinhard</subfield>
      <subfield code="0">(DE-601)080953956</subfield>
      <subfield code="0">(DE-588)120895846</subfield>
    </datafield>
  </record>
  <record>
    <leader>01436nam a2200349 c 4500</leader>
    <controlfield tag="001">834830477</controlfield>
    <controlfield tag="003">DE-601</controlfield>
    <datafield ind1=" " ind2=" " tag="035">
      <subfield code="a">(OCoLC)923513719</subfield>
    </datafield>
    <datafield ind1=" " ind2=" " tag="035">
      <subfield code="a">(DE-599)GBV834830477</subfield>
    </datafield>
    <datafield ind1="0" ind2="0" tag="082">
      <subfield code="a">344.43010263</subfield>
    </datafield>
    <datafield ind1="0" ind2="0" tag="082">
      <subfield code="a">340</subfield>
    </datafield>
    <datafield ind1="0" ind2="9" tag="082">
      <subfield code="a">340</subfield>
    </datafield>
    <datafield ind1=" " ind2=" " tag="084">
      <subfield code="a">340</subfield>
      <subfield code="2">sdnb</subfield>
    </datafield>
    <datafield ind1=" " ind2=" " tag="084">
      <subfield code="a">86.74</subfield>
      <subfield code="9">Arbeitsrecht: Allgemeines</subfield>
      <subfield code="2">bkl</subfield>
    </datafield>
    <datafield ind1=" " ind2=" " tag="084">
      <subfield code="a">PF 200</subfield>
      <subfield code="2">rvk</subfield>
    </datafield>
    <datafield ind1=" " ind2=" " tag="084">
      <subfield code="a">PF 230</subfield>
      <subfield code="2">rvk</subfield>
    </datafield>
    <datafield ind1="2" ind2="7" tag="611">
      <subfield code="a">Quelle</subfield>
      <subfield code="2">gnd</subfield>
    </datafield>
    <datafield ind1=" " ind2="7" tag="650">
      <subfield code="0">(DE-601)106392085</subfield>
      <subfield code="0">(DE-588)4002769-7</subfield>
      <subfield code="a">Arbeitsrecht</subfield>
      <subfield code="2">gnd</subfield>
    </datafield>
    <datafield ind1=" " ind2="7" tag="650">
      <subfield code="8">1.1\x</subfield>
      <subfield code="a">Arbeitsrecht</subfield>
      <subfield code="0">(DE-601)091347769</subfield>
      <subfield code="0">(DE-STW)11185-0</subfield>
      <subfield code="2">stw</subfield>
    </datafield>
    <datafield ind1=" " ind2="7" tag="650">
      <subfield code="8">1.2\x</subfield>
      <subfield code="a">Kundigungsschutz</subfield>
      <subfield code="0">(DE-601)091373301</subfield>
      <subfield code="0">(DE-STW)16142-0</subfield>
      <subfield code="2">stw</subfield>
    </datafield>
    <datafield ind1=" " ind2="7" tag="650">
      <subfield code="8">1.3\x</subfield>
      <subfield code="a">Betriebsverfassung</subfield>
      <subfield code="0">(DE-601)091351308</subfield>
      <subfield code="0">(DE-STW)16136-2</subfield>
      <subfield code="2">stw</subfield>
    </datafield>
    <datafield ind1=" " ind2="7" tag="650">
      <subfield code="8">1.4\x</subfield>
      <subfield code="a">Betriebliche Altersversorgung</subfield>
      <subfield code="0">(DE-601)091350859</subfield>
      <subfield code="0">(DE-STW)12591-5</subfield>
      <subfield code="2">stw</subfield>
    </datafield>
    <datafield ind1=" " ind2="7" tag="650">
      <subfield code="8">1.5\x</subfield>
      <subfield code="a">Arbeitsmigranten</subfield>
      <subfield code="0">(DE-601)091348838</subfield>
      <subfield code="0">(DE-STW)11268-3</subfield>
      <subfield code="2">stw</subfield>
    </datafield>
    <datafield ind1=" " ind2="7" tag="650">
      <subfield code="8">1.6\x</subfield>
      <subfield code="a">Mitbestimmung</subfield>
      <subfield code="0">(DE-601)091378281</subfield>
      <subfield code="0">(DE-STW)11310-2</subfield>
      <subfield code="2">stw</subfield>
    </datafield>
    <datafield ind1=" " ind2="7" tag="650">
      <subfield code="8">1.7\x</subfield>
      <subfield code="a">Antidiskriminierungsrecht</subfield>
      <subfield code="0">(DE-601)543762068</subfield>
      <subfield code="0">(DE-STW)29752-1</subfield>
      <subfield code="2">stw</subfield>
    </datafield>
    <datafield ind1=" " ind2="7" tag="650">
      <subfield code="8">1.8\x</subfield>
      <subfield code="a">Deutschland</subfield>
      <subfield code="0">(DE-601)091354749</subfield>
      <subfield code="0">(DE-STW)18012-3</subfield>
      <subfield code="2">stw</subfield>
    </datafield>
    <datafield ind1=" " ind2="7" tag="651">
      <subfield code="0">(DE-601)104704861</subfield>
      <subfield code="0">(DE-588)4011882-4</subfield>
      <subfield code="a">Deutschland</subfield>
      <subfield code="2">gnd</subfield>
    </datafield>
    <datafield ind1="0" ind2="0" tag="689">
      <subfield code="0">(DE-601)104704861</subfield>
      <subfield code="0">(DE-588)4011882-4</subfield>
      <subfield code="D">g</subfield>
      <subfield code="a">Deutschland</subfield>
    </datafield>
    <datafield ind1="0" ind2="1" tag="689">
      <subfield code="0">(DE-601)106392085</subfield>
      <subfield code="0">(DE-588)4002769-7</subfield>
      <subfield code="D">s</subfield>
      <subfield code="a">Arbeitsrecht</subfield>
    </datafield>
    <datafield ind1="0" ind2="2" tag="689">
      <subfield code="A">f</subfield>
      <subfield code="a">Quelle</subfield>
    </datafield>
    <datafield ind1="0" ind2=" " tag="689">
      <subfield code="5">DE-101</subfield>
    </datafield>
    <datafield ind1="1" ind2=" " tag="700">
      <subfield code="a">Richardi, Reinhard</subfield>
      <subfield code="0">(DE-601)080953956</subfield>
      <subfield code="0">(DE-588)120895846</subfield>
    </datafield>
  </record>
  <record>
    <leader>01471nam a2200349 c 4500</leader>
    <controlfield tag="001">84969373X</controlfield>
    <controlfield tag="003">DE-601</controlfield>
    <datafield ind1=" " ind2=" " tag="035">
      <subfield code="a">(OCoLC)944491871</subfield>
    </datafield>
    <datafield ind1=" " ind2=" " tag="035">
      <subfield code="a">(DE-599)GBV84969373X</subfield>
    </datafield>
    <datafield ind1="0" ind2="0" tag="082">
      <subfield code="a">344.43010263</subfield>
    </datafield>
    <datafield ind1="0" ind2="0" tag="082">
      <subfield code="a">340</subfield>
    </datafield>
    <datafield ind1="0" ind2="9" tag="082">
      <subfield code="a">340</subfield>
    </datafield>
    <datafield ind1=" " ind2=" " tag="084">
      <subfield code="a">340</subfield>
      <subfield code="2">sdnb</subfield>
    </datafield>
    <datafield ind1=" " ind2=" " tag="084">
      <subfield code="a">86.74</subfield>
      <subfield code="9">Arbeitsrecht: Allgemeines</subfield>
      <subfield code="2">bkl</subfield>
    </datafield>
    <datafield ind1=" " ind2=" " tag="084">
      <subfield code="a">PF 200</subfield>
      <subfield code="2">rvk</subfield>
    </datafield>
    <datafield ind1=" " ind2=" " tag="084">
      <subfield code="a">PF 230</subfield>
      <subfield code="2">rvk</subfield>
    </datafield>
    <datafield ind1="2" ind2="7" tag="611">
      <subfield code="a">Quelle</subfield>
      <subfield code="2">gnd</subfield>
    </datafield>
    <datafield ind1=" " ind2="7" tag="650">
      <subfield code="0">(DE-601)106392085</subfield>
      <subfield code="0">(DE-588)4002769-7</subfield>
      <subfield code="a">Arbeitsrecht</subfield>
      <subfield code="2">gnd</subfield>
    </datafield>
    <datafield ind1=" " ind2="7" tag="650">
      <subfield code="8">1.1\x</subfield>
      <subfield code="a">Arbeitsrecht</subfield>
      <subfield code="0">(DE-601)091347769</subfield>
      <subfield code="0">(DE-STW)11185-0</subfield>
      <subfield code="2">stw</subfield>
    </datafield>
    <datafield ind1=" " ind2="7" tag="650">
      <subfield code="8">1.2\x</subfield>
      <subfield code="a">Kundigungsschutz</subfield>
      <subfield code="0">(DE-601)091373301</subfield>
      <subfield code="0">(DE-STW)16142-0</subfield>
      <subfield code="2">stw</subfield>
    </datafield>
    <datafield ind1=" " ind2="7" tag="650">
      <subfield code="8">1.3\x</subfield>
      <subfield code="a">Betriebsverfassung</subfield>
      <subfield code="0">(DE-601)091351308</subfield>
      <subfield code="0">(DE-STW)16136-2</subfield>
      <subfield code="2">stw</subfield>
    </datafield>
    <datafield ind1=" " ind2="7" tag="650">
      <subfield code="8">1.4\x</subfield>
      <subfield code="a">Betriebliche Altersversorgung</subfield>
      <subfield code="0">(DE-601)091350859</subfield>
      <subfield code="0">(DE-STW)12591-5</subfield>
      <subfield code="2">stw</subfield>
    </datafield>
    <datafield ind1=" " ind2="7" tag="650">
      <subfield code="8">1.5\x</subfield>
      <subfield code="a">Arbeitsmigranten</subfield>
      <subfield code="0">(DE-601)091348838</subfield>
      <subfield code="0">(DE-STW)11268-3</subfield>
      <subfield code="2">stw</subfield>
    </datafield>
    <datafield ind1=" " ind2="7" tag="650">
      <subfield code="8">1.6\x</subfield>
      <subfield code="a">Mitbestimmung</subfield>
      <subfield code="0">(DE-601)091378281</subfield>
      <subfield code="0">(DE-STW)11310-2</subfield>
      <subfield code="2">stw</subfield>
    </datafield>
    <datafield ind1=" " ind2="7" tag="650">
      <subfield code="8">1.7\x</subfield>
      <subfield code="a">Antidiskriminierungsrecht</subfield>
      <subfield code="0">(DE-601)543762068</subfield>
      <subfield code="0">(DE-STW)29752-1</subfield>
      <subfield code="2">stw</subfield>
    </datafield>
    <datafield ind1=" " ind2="7" tag="650">
      <subfield code="8">1.8\x</subfield>
      <subfield code="a">Deutschland</subfield>
      <subfield code="0">(DE-601)091354749</subfield>
      <subfield code="0">(DE-STW)18012-3</subfield>
      <subfield code="2">stw</subfield>
    </datafield>
    <datafield ind1=" " ind2="7" tag="651">
      <subfield code="0">(DE-601)104704861</subfield>
      <subfield code="0">(DE-588)4011882-4</subfield>
      <subfield code="a">Deutschland</subfield>
      <subfield code="2">gnd</subfield>
    </datafield>
    <datafield ind1="0" ind2="0" tag="689">
      <subfield code="0">(DE-601)104704861</subfield>
      <subfield code="0">(DE-588)4011882-4</subfield>
      <subfield code="D">g</subfield>
      <subfield code="a">Deutschland</subfield>
    </datafield>
    <datafield ind1="0" ind2="1" tag="689">
      <subfield code="0">(DE-601)106392085</subfield>
      <subfield code="0">(DE-588)4002769-7</subfield>
      <subfield code="D">s</subfield>
      <subfield code="a">Arbeitsrecht</subfield>
    </datafield>
    <datafield ind1="0" ind2="2" tag="689">
      <subfield code="A">f</subfield>
      <subfield code="a">Quelle</subfield>
    </datafield>
    <datafield ind1="0" ind2=" " tag="689">
      <subfield code="5">DE-101</subfield>
    </datafield>
    <datafield ind1="1" ind2=" " tag="700">
      <subfield code="a">Richardi, Reinhard</subfield>
      <subfield code="e">VerfasserIn einer Einleitung</subfield>
      <subfield code="4">win</subfield>
      <subfield code="0">(DE-601)080953956</subfield>
      <subfield code="0">(DE-588)120895846</subfield>
    </datafield>
  </record>
  <record>
    <leader>01491nam a2200361 c 4500</leader>
    <controlfield tag="001">667830464</controlfield>
    <controlfield tag="003">DE-601</controlfield>
    <datafield ind1=" " ind2=" " tag="035">
      <subfield code="a">(OCoLC)844942685</subfield>
    </datafield>
    <datafield ind1=" " ind2=" " tag="035">
      <subfield code="a">(DE-599)GBV667830464</subfield>
    </datafield>
    <datafield ind1="0" ind2="0" tag="082">
      <subfield code="a">344.304102632</subfield>
    </datafield>
    <datafield ind1="0" ind2="0" tag="082">
      <subfield code="a">344.430102632</subfield>
    </datafield>
    <datafield ind1="0" ind2="0" tag="082">
      <subfield code="a">340</subfield>
    </datafield>
    <datafield ind1="0" ind2="9" tag="082">
      <subfield code="a">340</subfield>
    </datafield>
    <datafield ind1=" " ind2=" " tag="084">
      <subfield code="a">340</subfield>
      <subfield code="2">sdnb</subfield>
    </datafield>
    <datafield ind1=" " ind2=" " tag="084">
      <subfield code="a">86.74</subfield>
      <subfield code="9">Arbeitsrecht: Allgemeines</subfield>
      <subfield code="2">bkl</subfield>
    </datafield>
    <datafield ind1=" " ind2=" " tag="084">
      <subfield code="a">PF 230</subfield>
      <subfield code="2">rvk</subfield>
    </datafield>
    <datafield ind1="2" ind2="7" tag="611">
      <subfield code="a">Quelle</subfield>
      <subfield code="2">gnd</subfield>
    </datafield>
    <datafield ind1=" " ind2="7" tag="650">
      <subfield code="0">(DE-601)106392085</subfield>
      <subfield code="0">(DE-588)4002769-7</subfield>
      <subfield code="a">Arbeitsrecht</subfield>
      <subfield code="2">gnd</subfield>
    </datafield>
    <datafield ind1=" " ind2="7" tag="650">
      <subfield code="8">1.1\x</subfield>
      <subfield code="a">Arbeitsrecht</subfield>
      <subfield code="0">(DE-601)091347769</subfield>
      <subfield code="0">(DE-STW)11185-0</subfield>
      <subfield code="2">stw</subfield>
    </datafield>
    <datafield ind1=" " ind2="7" tag="650">
      <subfield code="8">1.2\x</subfield>
      <subfield code="a">Kundigungsschutz</subfield>
      <subfield code="0">(DE-601)091373301</subfield>
      <subfield code="0">(DE-STW)16142-0</subfield>
      <subfield code="2">stw</subfield>
    </datafield>
    <datafield ind1=" " ind2="7" tag="650">
      <subfield code="8">1.3\x</subfield>
      <subfield code="a">Betriebsverfassung</subfield>
      <subfield code="0">(DE-601)091351308</subfield>
      <subfield code="0">(DE-STW)16136-2</subfield>
      <subfield code="2">stw</subfield>
    </datafield>
    <datafield ind1=" " ind2="7" tag="650">
      <subfield code="8">1.4\x</subfield>
      <subfield code="a">Betriebliche Altersversorgung</subfield>
      <subfield code="0">(DE-601)091350859</subfield>
      <subfield code="0">(DE-STW)12591-5</subfield>
      <subfield code="2">stw</subfield>
    </datafield>
    <datafield ind1=" " ind2="7" tag="650">
      <subfield code="8">1.5\x</subfield>
      <subfield code="a">Arbeitsmigranten</subfield>
      <subfield code="0">(DE-601)091348838</subfield>
      <subfield code="0">(DE-STW)11268-3</subfield>
      <subfield code="2">stw</subfield>
    </datafield>
    <datafield ind1=" " ind2="7" tag="650">
      <subfield code="8">1.6\x</subfield>
      <subfield code="a">Mitbestimmung</subfield>
      <subfield code="0">(DE-601)091378281</subfield>
      <subfield code="0">(DE-STW)11310-2</subfield>
      <subfield code="2">stw</subfield>
    </datafield>
    <datafield ind1=" " ind2="7" tag="650">
      <subfield code="8">1.7\x</subfield>
      <subfield code="a">Antidiskriminierungsrecht</subfield>
      <subfield code="0">(DE-601)543762068</subfield>
      <subfield code="0">(DE-STW)29752-1</subfield>
      <subfield code="2">stw</subfield>
    </datafield>
    <datafield ind1=" " ind2="7" tag="650">
      <subfield code="8">1.8\x</subfield>
      <subfield code="a">Deutschland</subfield>
      <subfield code="0">(DE-601)091354749</subfield>
      <subfield code="0">(DE-STW)18012-3</subfield>
      <subfield code="2">stw</subfield>
    </datafield>
    <datafield ind1=" " ind2="7" tag="651">
      <subfield code="0">(DE-601)104704861</subfield>
      <subfield code="0">(DE-588)4011882-4</subfield>
      <subfield code="a">Deutschland</subfield>
      <subfield code="2">gnd</subfield>
    </datafield>
    <datafield ind1=" " ind2="0" tag="653">
      <subfield code="a">Labor laws and legislation</subfield>
      <subfield code="a">Germany</subfield>
    </datafield>
    <datafield ind1="0" ind2="0" tag="689">
      <subfield code="0">(DE-601)104704861</subfield>
      <subfield code="0">(DE-588)4011882-4</subfield>
      <subfield code="D">g</subfield>
      <subfield code="a">Deutschland</subfield>
    </datafield>
    <datafield ind1="0" ind2="1" tag="689">
      <subfield code="0">(DE-601)106392085</subfield>
      <subfield code="0">(DE-588)4002769-7</subfield>
      <subfield code="D">s</subfield>
      <subfield code="a">Arbeitsrecht</subfield>
    </datafield>
    <datafield ind1="0" ind2="2" tag="689">
      <subfield code="A">f</subfield>
      <subfield code="a">Quelle</subfield>
    </datafield>
    <datafield ind1="0" ind2=" " tag="689">
      <subfield code="5">DE-101</subfield>
    </datafield>
    <datafield ind1="1" ind2=" " tag="700">
      <subfield code="a">Richardi, Reinhard</subfield>
      <subfield code="0">(DE-601)080953956</subfield>
      <subfield code="0">(DE-588)120895846</subfield>
    </datafield>
  </record>
  <record>
    <leader>01518nam a2200385 c 4500</leader>
    <controlfield tag="001">725953063</controlfield>
    <controlfield tag="003">DE-601</controlfield>
    <datafield ind1=" " ind2=" " tag="035">
      <subfield code="a">(OCoLC)934801771</subfield>
    </datafield>
    <datafield ind1=" " ind2=" " tag="035">
      <subfield code="a">952578901</subfield>
    </datafield>
    <datafield ind1=" " ind2=" " tag="035">
      <subfield code="a">(DE-599)GBV725953063</subfield>
    </datafield>
    <datafield ind1="0" ind2="0" tag="082">
      <subfield code="a">344.43010263</subfield>
    </datafield>
    <datafield ind1="0" ind2="9" tag="082">
      <subfield code="a">340</subfield>
    </datafield>
    <datafield ind1=" " ind2=" " tag="084">
      <subfield code="a">Fmk</subfield>
      <subfield code="2">asb</subfield>
    </datafield>
    <datafield ind1=" " ind2=" " tag="084">
      <subfield code="a">FMK</subfield>
      <subfield code="2">ssd</subfield>
    </datafield>
    <datafield ind1=" " ind2=" " tag="084">
      <subfield code="a">R 415</subfield>
      <subfield code="2">sfb</subfield>
    </datafield>
    <datafield ind1=" " ind2=" " tag="084">
      <subfield code="a">B 404</subfield>
      <subfield code="2">kab</subfield>
    </datafield>
    <datafield ind1=" " ind2=" " tag="084">
      <subfield code="a">340</subfield>
      <subfield code="2">sdnb</subfield>
    </datafield>
    <datafield ind1=" " ind2=" " tag="084">
      <subfield code="a">86.74</subfield>
      <subfield code="9">Arbeitsrecht: Allgemeines</subfield>
      <subfield code="2">bkl</subfield>
    </datafield>
    <datafield ind1=" " ind2=" " tag="084">
      <subfield code="a">PF 230</subfield>
      <subfield code="2">rvk</subfield>
    </datafield>
    <datafield ind1="2" ind2="7" tag="611">
      <subfield code="a">Quelle</subfield>
      <subfield code="2">gnd</subfield>
    </datafield>
    <datafield ind1=" " ind2="7" tag="650">
      <subfield code="0">(DE-601)106392085</subfield>
      <subfield code="0">(DE-588)4002769-7</subfield>
      <subfield code="a">Arbeitsrecht</subfield>
      <subfield code="2">gnd</subfield>
    </datafield>
    <datafield ind1=" " ind2="7" tag="650">
      <subfield code="8">1.1\x</subfield>
      <subfield code="a">Arbeitsrecht</subfield>
      <subfield code="0">(DE-601)091347769</subfield>
      <subfield code="0">(DE-STW)11185-0</subfield>
      <subfield code="2">stw</subfield>
    </datafield>
    <datafield ind1=" " ind2="7" tag="650">
      <subfield code="8">1.2\x</subfield>
      <subfield code="a">Kundigungsschutz</subfield>
      <subfield code="0">(DE-601)091373301</subfield>
      <subfield code="0">(DE-STW)16142-0</subfield>
      <subfield code="2">stw</subfield>
    </datafield>
    <datafield ind1=" " ind2="7" tag="650">
      <subfield code="8">1.3\x</subfield>
      <subfield code="a">Betriebsverfassung</subfield>
      <subfield code="0">(DE-601)091351308</subfield>
      <subfield code="0">(DE-STW)16136-2</subfield>
      <subfield code="2">stw</subfield>
    </datafield>
    <datafield ind1=" " ind2="7" tag="650">
      <subfield code="8">1.4\x</subfield>
      <subfield code="a">Betriebliche Altersversorgung</subfield>
      <subfield code="0">(DE-601)091350859</subfield>
      <subfield code="0">(DE-STW)12591-5</subfield>
      <subfield code="2">stw</subfield>
    </datafield>
    <datafield ind1=" " ind2="7" tag="650">
      <subfield code="8">1.5\x</subfield>
      <subfield code="a">Arbeitsmigranten</subfield>
      <subfield code="0">(DE-601)091348838</subfield>
      <subfield code="0">(DE-STW)11268-3</subfield>
      <subfield code="2">stw</subfield>
    </datafield>
    <datafield ind1=" " ind2="7" tag="650">
      <subfield code="8">1.6\x</subfield>
      <subfield code="a">Mitbestimmung</subfield>
      <subfield code="0">(DE-601)091378281</subfield>
      <subfield code="0">(DE-STW)11310-2</subfield>
      <subfield code="2">stw</subfield>
    </datafield>
    <datafield ind1=" " ind2="7" tag="650">
      <subfield code="8">1.7\x</subfield>
      <subfield code="a">Antidiskriminierungsrecht</subfield>
      <subfield code="0">(DE-601)543762068</subfield>
      <subfield code="0">(DE-STW)29752-1</subfield>
      <subfield code="2">stw</subfield>
    </datafield>
    <datafield ind1=" " ind2="7" tag="650">
      <subfield code="8">1.8\x</subfield>
      <subfield code="a">Deutschland</subfield>
      <subfield code="0">(DE-601)091354749</subfield>
      <subfield code="0">(DE-STW)18012-3</subfield>
      <subfield code="2">stw</subfield>
    </datafield>
    <datafield ind1=" " ind2="7" tag="651">
      <subfield code="0">(DE-601)104704861</subfield>
      <subfield code="0">(DE-588)4011882-4</subfield>
      <subfield code="a">Deutschland</subfield>
      <subfield code="2">gnd</subfield>
    </datafield>
    <datafield ind1="0" ind2="0" tag="689">
      <subfield code="0">(DE-601)104704861</subfield>
      <subfield code="0">(DE-588)4011882-4</subfield>
      <subfield code="D">g</subfield>
      <subfield code="a">Deutschland</subfield>
    </datafield>
    <datafield ind1="0" ind2="1" tag="689">
      <subfield code="0">(DE-601)106392085</subfield>
      <subfield code="0">(DE-588)4002769-7</subfield>
      <subfield code="D">s</subfield>
      <subfield code="a">Arbeitsrecht</subfield>
    </datafield>
    <datafield ind1="0" ind2="2" tag="689">
      <subfield code="A">f</subfield>
      <subfield code="a">Quelle</subfield>
    </datafield>
    <datafield ind1="0" ind2=" " tag="689">
      <subfield code="5">DE-101</subfield>
    </datafield>
    <datafield ind1="1" ind2=" " tag="700">
      <subfield code="a">Richardi, Reinhard</subfield>
      <subfield code="0">(DE-601)080953956</subfield>
      <subfield code="0">(DE-588)120895846</subfield>
    </datafield>
  </record>
  <record>
    <leader>01519nam a2200373 c 4500</leader>
    <controlfield tag="001">68816823X</controlfield>
    <controlfield tag="003">DE-601</controlfield>
    <datafield ind1=" " ind2=" " tag="035">
      <subfield code="a">(OCoLC)845011773</subfield>
    </datafield>
    <datafield ind1=" " ind2=" " tag="035">
      <subfield code="a">(DE-599)GBV68816823X</subfield>
    </datafield>
    <datafield ind1="0" ind2="0" tag="082">
      <subfield code="a">344.304102632</subfield>
    </datafield>
    <datafield ind1="0" ind2="0" tag="082">
      <subfield code="a">344.430102632</subfield>
    </datafield>
    <datafield ind1="0" ind2="0" tag="082">
      <subfield code="a">340</subfield>
    </datafield>
    <datafield ind1="0" ind2="9" tag="082">
      <subfield code="a">340</subfield>
    </datafield>
    <datafield ind1=" " ind2=" " tag="084">
      <subfield code="a">PF 230</subfield>
      <subfield code="2">sfb</subfield>
    </datafield>
    <datafield ind1=" " ind2=" " tag="084">
      <subfield code="a">340</subfield>
      <subfield code="2">sdnb</subfield>
    </datafield>
    <datafield ind1=" " ind2=" " tag="084">
      <subfield code="a">86.74</subfield>
      <subfield code="9">Arbeitsrecht: Allgemeines</subfield>
      <subfield code="2">bkl</subfield>
    </datafield>
    <datafield ind1=" " ind2=" " tag="084">
      <subfield code="a">PF 230</subfield>
      <subfield code="2">rvk</subfield>
    </datafield>
    <datafield ind1="2" ind2="7" tag="611">
      <subfield code="a">Quelle</subfield>
      <subfield code="2">gnd</subfield>
    </datafield>
    <datafield ind1=" " ind2="7" tag="650">
      <subfield code="0">(DE-601)106392085</subfield>
      <subfield code="0">(DE-588)4002769-7</subfield>
      <subfield code="a">Arbeitsrecht</subfield>
      <subfield code="2">gnd</subfield>
    </datafield>
    <datafield ind1=" " ind2="7" tag="650">
      <subfield code="8">1.1\x</subfield>
      <subfield code="a">Arbeitsrecht</subfield>
      <subfield code="0">(DE-601)091347769</subfield>
      <subfield code="0">(DE-STW)11185-0</subfield>
      <subfield code="2">stw</subfield>
    </datafield>
    <datafield ind1=" " ind2="7" tag="650">
      <subfield code="8">1.2\x</subfield>
      <subfield code="a">Kundigungsschutz</subfield>
      <subfield code="0">(DE-601)091373301</subfield>
      <subfield code="0">(DE-STW)16142-0</subfield>
      <subfield code="2">stw</subfield>
    </datafield>
    <datafield ind1=" " ind2="7" tag="650">
      <subfield code="8">1.3\x</subfield>
      <subfield code="a">Betriebsverfassung</subfield>
      <subfield code="0">(DE-601)091351308</subfield>
      <subfield code="0">(DE-STW)16136-2</subfield>
      <subfield code="2">stw</subfield>
    </datafield>
    <datafield ind1=" " ind2="7" tag="650">
      <subfield code="8">1.4\x</subfield>
      <subfield code="a">Betriebliche Altersversorgung</subfield>
      <subfield code="0">(DE-601)091350859</subfield>
      <subfield code="0">(DE-STW)12591-5</subfield>
      <subfield code="2">stw</subfield>
    </datafield>
    <datafield ind1=" " ind2="7" tag="650">
      <subfield code="8">1.5\x</subfield>
      <subfield code="a">Arbeitsmigranten</subfield>
      <subfield code="0">(DE-601)091348838</subfield>
      <subfield code="0">(DE-STW)11268-3</subfield>
      <subfield code="2">stw</subfield>
    </datafield>
    <datafield ind1=" " ind2="7" tag="650">
      <subfield code="8">1.6\x</subfield>
      <subfield code="a">Mitbestimmung</subfield>
      <subfield code="0">(DE-601)091378281</subfield>
      <subfield code="0">(DE-STW)11310-2</subfield>
      <subfield code="2">stw</subfield>
    </datafield>
    <datafield ind1=" " ind2="7" tag="650">
      <subfield code="8">1.7\x</subfield>
      <subfield code="a">Antidiskriminierungsrecht</subfield>
      <subfield code="0">(DE-601)543762068</subfield>
      <subfield code="0">(DE-STW)29752-1</subfield>
      <subfield code="2">stw</subfield>
    </datafield>
    <datafield ind1=" " ind2="7" tag="650">
      <subfield code="8">1.8\x</subfield>
      <subfield code="a">Deutschland</subfield>
      <subfield code="0">(DE-601)091354749</subfield>
      <subfield code="0">(DE-STW)18012-3</subfield>
      <subfield code="2">stw</subfield>
    </datafield>
    <datafield ind1=" " ind2="7" tag="651">
      <subfield code="0">(DE-601)104704861</subfield>
      <subfield code="0">(DE-588)4011882-4</subfield>
      <subfield code="a">Deutschland</subfield>
      <subfield code="2">gnd</subfield>
    </datafield>
    <datafield ind1=" " ind2="0" tag="653">
      <subfield code="a">Labor laws and legislation</subfield>
      <subfield code="a">Germany</subfield>
    </datafield>
    <datafield ind1="0" ind2="0" tag="689">
      <subfield code="0">(DE-601)104704861</subfield>
      <subfield code="0">(DE-588)4011882-4</subfield>
      <subfield code="D">g</subfield>
      <subfield code="a">Deutschland</subfield>
    </datafield>
    <datafield ind1="0" ind2="1" tag="689">
      <subfield code="0">(DE-601)106392085</subfield>
      <subfield code="0">(DE-588)4002769-7</subfield>
      <subfield code="D">s</subfield>
      <subfield code="a">Arbeitsrecht</subfield>
    </datafield>
    <datafield ind1="0" ind2="2" tag="689">
      <subfield code="A">f</subfield>
      <subfield code="a">Quelle</subfield>
    </datafield>
    <datafield ind1="0" ind2=" " tag="689">
      <subfield code="5">DE-101</subfield>
    </datafield>
    <datafield ind1="1" ind2=" " tag="700">
      <subfield code="a">Richardi, Reinhard</subfield>
      <subfield code="0">(DE-601)080953956</subfield>
      <subfield code="0">(DE-588)120895846</subfield>
    </datafield>
  </record>
  <record>
    <leader>01544nam a2200397 c 4500</leader>
    <controlfield tag="001">735965544</controlfield>
    <controlfield tag="003">DE-601</controlfield>
    <datafield ind1=" " ind2=" " tag="035">
      <subfield code="a">(OCoLC)934966139</subfield>
    </datafield>
    <datafield ind1=" " ind2=" " tag="035">
      <subfield code="a">952593164</subfield>
    </datafield>
    <datafield ind1=" " ind2=" " tag="035">
      <subfield code="a">T00821667</subfield>
    </datafield>
    <datafield ind1=" " ind2=" " tag="035">
      <subfield code="a">(DE-599)GBV735965544</subfield>
    </datafield>
    <datafield ind1="0" ind2="0" tag="082">
      <subfield code="a">344.43010263</subfield>
    </datafield>
    <datafield ind1="0" ind2="9" tag="082">
      <subfield code="a">340</subfield>
    </datafield>
    <datafield ind1=" " ind2=" " tag="084">
      <subfield code="a">Fmk</subfield>
      <subfield code="2">asb</subfield>
    </datafield>
    <datafield ind1=" " ind2=" " tag="084">
      <subfield code="a">FMK</subfield>
      <subfield code="2">ssd</subfield>
    </datafield>
    <datafield ind1=" " ind2=" " tag="084">
      <subfield code="a">R 415</subfield>
      <subfield code="2">sfb</subfield>
    </datafield>
    <datafield ind1=" " ind2=" " tag="084">
      <subfield code="a">B 404</subfield>
      <subfield code="2">kab</subfield>
    </datafield>
    <datafield ind1=" " ind2=" " tag="084">
      <subfield code="a">340</subfield>
      <subfield code="2">sdnb</subfield>
    </datafield>
    <datafield ind1=" " ind2=" " tag="084">
      <subfield code="a">86.74</subfield>
      <subfield code="9">Arbeitsrecht: Allgemeines</subfield>
      <subfield code="2">bkl</subfield>
    </datafield>
    <datafield ind1=" " ind2=" " tag="084">
      <subfield code="a">PF 230</subfield>
      <subfield code="2">rvk</subfield>
    </datafield>
    <datafield ind1="2" ind2="7" tag="611">
      <subfield code="a">Quelle</subfield>
      <subfield code="2">gnd</subfield>
    </datafield>
    <datafield ind1=" " ind2="7" tag="650">
      <subfield code="0">(DE-601)106392085</subfield>
      <subfield code="0">(DE-588)4002769-7</subfield>
      <subfield code="a">Arbeitsrecht</subfield>
      <subfield code="2">gnd</subfield>
    </datafield>
    <datafield ind1=" " ind2="7" tag="650">
      <subfield code="8">1.1\x</subfield>
      <subfield code="a">Arbeitsrecht</subfield>
      <subfield code="0">(DE-601)091347769</subfield>
      <subfield code="0">(DE-STW)11185-0</subfield>
      <subfield code="2">stw</subfield>
    </datafield>
    <datafield ind1=" " ind2="7" tag="650">
      <subfield code="8">1.2\x</subfield>
      <subfield code="a">Kundigungsschutz</subfield>
      <subfield code="0">(DE-601)091373301</subfield>
      <subfield code="0">(DE-STW)16142-0</subfield>
      <subfield code="2">stw</subfield>
    </datafield>
    <datafield ind1=" " ind2="7" tag="650">
      <subfield code="8">1.3\x</subfield>
      <subfield code="a">Betriebsverfassung</subfield>
      <subfield code="0">(DE-601)091351308</subfield>
      <subfield code="0">(DE-STW)16136-2</subfield>
      <subfield code="2">stw</subfield>
    </datafield>
    <datafield ind1=" " ind2="7" tag="650">
      <subfield code="8">1.4\x</subfield>
      <subfield code="a">Betriebliche Altersversorgung</subfield>
      <subfield code="0">(DE-601)091350859</subfield>
      <subfield code="0">(DE-STW)12591-5</subfield>
      <subfield code="2">stw</subfield>
    </datafield>
    <datafield ind1=" " ind2="7" tag="650">
      <subfield code="8">1.5\x</subfield>
      <subfield code="a">Arbeitsmigranten</subfield>
      <subfield code="0">(DE-601)091348838</subfield>
      <subfield code="0">(DE-STW)11268-3</subfield>
      <subfield code="2">stw</subfield>
    </datafield>
    <datafield ind1=" " ind2="7" tag="650">
      <subfield code="8">1.6\x</subfield>
      <subfield code="a">Mitbestimmung</subfield>
      <subfield code="0">(DE-601)091378281</subfield>
      <subfield code="0">(DE-STW)11310-2</subfield>
      <subfield code="2">stw</subfield>
    </datafield>
    <datafield ind1=" " ind2="7" tag="650">
      <subfield code="8">1.7\x</subfield>
      <subfield code="a">Antidiskriminierungsrecht</subfield>
      <subfield code="0">(DE-601)543762068</subfield>
      <subfield code="0">(DE-STW)29752-1</subfield>
      <subfield code="2">stw</subfield>
    </datafield>
    <datafield ind1=" " ind2="7" tag="650">
      <subfield code="8">1.8\x</subfield>
      <subfield code="a">Deutschland</subfield>
      <subfield code="0">(DE-601)091354749</subfield>
      <subfield code="0">(DE-STW)18012-3</subfield>
      <subfield code="2">stw</subfield>
    </datafield>
    <datafield ind1=" " ind2="7" tag="651">
      <subfield code="0">(DE-601)104704861</subfield>
      <subfield code="0">(DE-588)4011882-4</subfield>
      <subfield code="a">Deutschland</subfield>
      <subfield code="2">gnd</subfield>
    </datafield>
    <datafield ind1="0" ind2="0" tag="689">
      <subfield code="0">(DE-601)104704861</subfield>
      <subfield code="0">(DE-588)4011882-4</subfield>
      <subfield code="D">g</subfield>
      <subfield code="a">Deutschland</subfield>
    </datafield>
    <datafield ind1="0" ind2="1" tag="689">
      <subfield code="0">(DE-601)106392085</subfield>
      <subfield code="0">(DE-588)4002769-7</subfield>
      <subfield code="D">s</subfield>
      <subfield code="a">Arbeitsrecht</subfield>
    </datafield>
    <datafield ind1="0" ind2="2" tag="689">
      <subfield code="A">f</subfield>
      <subfield code="a">Quelle</subfield>
    </datafield>
    <datafield ind1="0" ind2=" " tag="689">
      <subfield code="5">DE-101</subfield>
    </datafield>
    <datafield ind1="1" ind2=" " tag="700">
      <subfield code="a">Richardi, Reinhard</subfield>
      <subfield code="0">(DE-601)080953956</subfield>
      <subfield code="0">(DE-588)120895846</subfield>
    </datafield>
  </record>
  <record>
    <leader>01655nam a2200469 cb4500</leader>
    <controlfield tag="001">BV000121603</controlfield>
    <controlfield tag="003">DE-604</controlfield>
    <datafield ind1=" " ind2=" " tag="035">
      <subfield code="a">(OCoLC)157041053</subfield>
    </datafield>
    <datafield ind1=" " ind2=" " tag="035">
      <subfield code="a">(DE-599)BVBBV000121603</subfield>
    </datafield>
    <datafield ind1=" " ind2=" " tag="084">
      <subfield code="a">PF 230</subfield>
      <subfield code="2">rvk</subfield>
    </datafield>
    <datafield ind1="0" ind2="7" tag="650">
      <subfield code="a">Arbeitsvertrag</subfield>
      <subfield code="0">(DE-588)4002802-1</subfield>
      <subfield code="2">gnd</subfield>
    </datafield>
    <datafield ind1="0" ind2="7" tag="650">
      <subfield code="a">Recht</subfield>
      <subfield code="0">(DE-588)4048737-4</subfield>
      <subfield code="2">gnd</subfield>
    </datafield>
    <datafield ind1="0" ind2="7" tag="650">
      <subfield code="a">Mitbestimmung</subfield>
      <subfield code="0">(DE-588)4126014-4</subfield>
      <subfield code="2">gnd</subfield>
    </datafield>
    <datafield ind1="0" ind2="7" tag="650">
      <subfield code="a">Quelle</subfield>
      <subfield code="0">(DE-588)4135952-5</subfield>
      <subfield code="2">gnd</subfield>
    </datafield>
    <datafield ind1="0" ind2="7" tag="650">
      <subfield code="a">Berufsbildungsrecht</subfield>
      <subfield code="0">(DE-588)4144756-6</subfield>
      <subfield code="2">gnd</subfield>
    </datafield>
    <datafield ind1="0" ind2="7" tag="650">
      <subfield code="a">Arbeitnehmerschutz</subfield>
      <subfield code="0">(DE-588)4139094-5</subfield>
      <subfield code="2">gnd</subfield>
    </datafield>
    <datafield ind1="0" ind2="7" tag="650">
      <subfield code="a">Richtlinie</subfield>
      <subfield code="0">(DE-588)4137814-3</subfield>
      <subfield code="2">gnd</subfield>
    </datafield>
    <datafield ind1="0" ind2="7" tag="650">
      <subfield code="a">Arbeitsrecht</subfield>
      <subfield code="0">(DE-588)4002769-7</subfield>
      <subfield code="2">gnd</subfield>
    </datafield>
    <datafield ind1="0" ind2="7" tag="650">
      <subfield code="a">Tarifautonomie</subfield>
      <subfield code="0">(DE-588)4059069-0</subfield>
      <subfield code="2">gnd</subfield>
    </datafield>
    <datafield ind1=" " ind2="7" tag="651">
      <subfield code="a">Deutschland</subfield>
      <subfield code="9">g:Bundesrepublik</subfield>
      <subfield code="0">(DE-588)4011889-7</subfield>
      <subfield code="2">gnd</subfield>
    </datafield>
    <datafield ind1="0" ind2="0" tag="689">
      <subfield code="a">Deutschland</subfield>
      <subfield code="9">g:Bundesrepublik</subfield>
      <subfield code="0">(DE-588)4011889-7</subfield>
      <subfield code="D">g</subfield>
    </datafield>
    <datafield ind1="0" ind2="1" tag="689">
      <subfield code="a">Arbeitsrecht</subfield>
      <subfield code="0">(DE-588)4002769-7</subfield>
      <subfield code="D">s</subfield>
    </datafield>
    <datafield ind1="0" ind2=" " tag="689">
      <subfield code="5">DE-604</subfield>
    </datafield>
    <datafield ind1="1" ind2="0" tag="689">
      <subfield code="a">Arbeitsrecht</subfield>
      <subfield code="0">(DE-588)4002769-7</subfield>
      <subfield code="D">s</subfield>
    </datafield>
    <datafield ind1="1" ind2="1" tag="689">
      <subfield code="a">Quelle</subfield>
      <subfield code="0">(DE-588)4135952-5</subfield>
      <subfield code="D">s</subfield>
    </datafield>
    <datafield ind1="1" ind2=" " tag="689">
      <subfield code="5">DE-604</subfield>
    </datafield>
    <datafield ind1="2" ind2="0" tag="689">
      <subfield code="a">Mitbestimmung</subfield>
      <subfield code="0">(DE-588)4126014-4</subfield>
      <subfield code="D">s</subfield>
    </datafield>
    <datafield ind1="2" ind2="1" tag="689">
      <subfield code="a">Recht</subfield>
      <subfield code="0">(DE-588)4048737-4</subfield>
      <subfield code="D">s</subfield>
    </datafield>
    <datafield ind1="2" ind2=" " tag="689">
      <subfield code="5">DE-604</subfield>
    </datafield>
    <datafield ind1="3" ind2="0" tag="689">
      <subfield code="a">Tarifautonomie</subfield>
      <subfield code="0">(DE-588)4059069-0</subfield>
      <subfield code="D">s</subfield>
    </datafield>
    <datafield ind1="3" ind2="1" tag="689">
      <subfield code="a">Recht</subfield>
      <subfield code="0">(DE-588)4048737-4</subfield>
      <subfield code="D">s</subfield>
    </datafield>
    <datafield ind1="3" ind2=" " tag="689">
      <subfield code="5">DE-604</subfield>
    </datafield>
    <datafield ind1="4" ind2="0" tag="689">
      <subfield code="a">Berufsbildungsrecht</subfield>
      <subfield code="0">(DE-588)4144756-6</subfield>
      <subfield code="D">s</subfield>
    </datafield>
    <datafield ind1="4" ind2=" " tag="689">
      <subfield code="5">DE-604</subfield>
    </datafield>
    <datafield ind1="5" ind2="0" tag="689">
      <subfield code="a">Arbeitnehmerschutz</subfield>
      <subfield code="0">(DE-588)4139094-5</subfield>
      <subfield code="D">s</subfield>
    </datafield>
    <datafield ind1="5" ind2=" " tag="689">
      <subfield code="5">DE-604</subfield>
    </datafield>
    <datafield ind1="6" ind2="0" tag="689">
      <subfield code="a">Arbeitsvertrag</subfield>
      <subfield code="0">(DE-588)4002802-1</subfield>
      <subfield code="D">s</subfield>
    </datafield>
    <datafield ind1="6" ind2=" " tag="689">
      <subfield code="5">DE-604</subfield>
    </datafield>
    <datafield ind1="7" ind2="0" tag="689">
      <subfield code="a">Arbeitsrecht</subfield>
      <subfield code="0">(DE-588)4002769-7</subfield>
      <subfield code="D">s</subfield>
    </datafield>
    <datafield ind1="7" ind2="1" tag="689">
      <subfield code="a">Richtlinie</subfield>
      <subfield code="0">(DE-588)4137814-3</subfield>
      <subfield code="D">s</subfield>
    </datafield>
    <datafield ind1="7" ind2=" " tag="689">
      <subfield code="5">DE-604</subfield>
    </datafield>
    <datafield ind1="1" ind2=" " tag="700">
      <subfield code="a">Richardi, Reinhard</subfield>
      <subfield code="d">1937-</subfield>
      <subfield code="e">Sonstige</subfield>
      <subfield code="0">(DE-588)120895846</subfield>
      <subfield code="4">oth</subfield>
    </datafield>
  </record>
  <record>
    <leader>01714nam a2200409 c 4500</leader>
    <controlfield tag="001">781990335</controlfield>
    <controlfield tag="003">DE-601</controlfield>
    <datafield ind1=" " ind2=" " tag="035">
      <subfield code="a">(OCoLC)931522665</subfield>
    </datafield>
    <datafield ind1=" " ind2=" " tag="035">
      <subfield code="a">(DE-599)GBV781990335</subfield>
    </datafield>
    <datafield ind1="0" ind2="0" tag="082">
      <subfield code="a">344.43010263</subfield>
    </datafield>
    <datafield ind1="0" ind2="0" tag="082">
      <subfield code="a">340</subfield>
    </datafield>
    <datafield ind1="0" ind2="9" tag="082">
      <subfield code="a">340</subfield>
    </datafield>
    <datafield ind1=" " ind2=" " tag="084">
      <subfield code="a">340</subfield>
      <subfield code="2">sdnb</subfield>
    </datafield>
    <datafield ind1=" " ind2=" " tag="084">
      <subfield code="a">86.74</subfield>
      <subfield code="9">Arbeitsrecht: Allgemeines</subfield>
      <subfield code="2">bkl</subfield>
    </datafield>
    <datafield ind1=" " ind2=" " tag="084">
      <subfield code="a">PF 200</subfield>
      <subfield code="2">rvk</subfield>
    </datafield>
    <datafield ind1=" " ind2=" " tag="084">
      <subfield code="a">PF 230</subfield>
      <subfield code="2">rvk</subfield>
    </datafield>
    <datafield ind1="2" ind2="7" tag="611">
      <subfield code="a">Quelle</subfield>
      <subfield code="2">gnd</subfield>
    </datafield>
    <datafield ind1=" " ind2="7" tag="650">
      <subfield code="0">(DE-601)106392085</subfield>
      <subfield code="0">(DE-588)4002769-7</subfield>
      <subfield code="a">Arbeitsrecht</subfield>
      <subfield code="2">gnd</subfield>
    </datafield>
    <datafield ind1=" " ind2="7" tag="650">
      <subfield code="8">1.1\x</subfield>
      <subfield code="a">Arbeitsrecht</subfield>
      <subfield code="0">(DE-601)091347769</subfield>
      <subfield code="0">(DE-STW)11185-0</subfield>
      <subfield code="2">stw</subfield>
    </datafield>
    <datafield ind1=" " ind2="7" tag="650">
      <subfield code="8">1.2\x</subfield>
      <subfield code="a">Kundigungsschutz</subfield>
      <subfield code="0">(DE-601)091373301</subfield>
      <subfield code="0">(DE-STW)16142-0</subfield>
      <subfield code="2">stw</subfield>
    </datafield>
    <datafield ind1=" " ind2="7" tag="650">
      <subfield code="8">1.3\x</subfield>
      <subfield code="a">Betriebsverfassung</subfield>
      <subfield code="0">(DE-601)091351308</subfield>
      <subfield code="0">(DE-STW)16136-2</subfield>
      <subfield code="2">stw</subfield>
    </datafield>
    <datafield ind1=" " ind2="7" tag="650">
      <subfield code="8">1.4\x</subfield>
      <subfield code="a">Betriebliche Altersversorgung</subfield>
      <subfield code="0">(DE-601)091350859</subfield>
      <subfield code="0">(DE-STW)12591-5</subfield>
      <subfield code="2">stw</subfield>
    </datafield>
    <datafield ind1=" " ind2="7" tag="650">
      <subfield code="8">1.5\x</subfield>
      <subfield code="a">Arbeitsmigranten</subfield>
      <subfield code="0">(DE-601)091348838</subfield>
      <subfield code="0">(DE-STW)11268-3</subfield>
      <subfield code="2">stw</subfield>
    </datafield>
    <datafield ind1=" " ind2="7" tag="650">
      <subfield code="8">1.6\x</subfield>
      <subfield code="a">Mitbestimmung</subfield>
      <subfield code="0">(DE-601)091378281</subfield>
      <subfield code="0">(DE-STW)11310-2</subfield>
      <subfield code="2">stw</subfield>
    </datafield>
    <datafield ind1=" " ind2="7" tag="650">
      <subfield code="8">1.7\x</subfield>
      <subfield code="a">Antidiskriminierungsrecht</subfield>
      <subfield code="0">(DE-601)543762068</subfield>
      <subfield code="0">(DE-STW)29752-1</subfield>
      <subfield code="2">stw</subfield>
    </datafield>
    <datafield ind1=" " ind2="7" tag="650">
      <subfield code="8">1.8\x</subfield>
      <subfield code="a">Deutschland</subfield>
      <subfield code="0">(DE-601)091354749</subfield>
      <subfield code="0">(DE-STW)18012-3</subfield>
      <subfield code="2">stw</subfield>
    </datafield>
    <datafield ind1=" " ind2="7" tag="651">
      <subfield code="0">(DE-601)104704861</subfield>
      <subfield code="0">(DE-588)4011882-4</subfield>
      <subfield code="a">Deutschland</subfield>
      <subfield code="2">gnd</subfield>
    </datafield>
    <datafield ind1=" " ind2="0" tag="653">
      <subfield code="a">Labor laws and legislation - Germany</subfield>
    </datafield>
    <datafield ind1=" " ind2="0" tag="653">
      <subfield code="a">Employee rights</subfield>
      <subfield code="a">Germany</subfield>
    </datafield>
    <datafield ind1=" " ind2="0" tag="653">
      <subfield code="a">Industrial management</subfield>
      <subfield code="a">Employee participation</subfield>
      <subfield code="a">Law and legislation</subfield>
      <subfield code="a">Germany</subfield>
    </datafield>
    <datafield ind1=" " ind2="0" tag="653">
      <subfield code="a">Labor contract</subfield>
      <subfield code="a">Germany</subfield>
    </datafield>
    <datafield ind1=" " ind2="0" tag="653">
      <subfield code="a">Labor laws and legislation</subfield>
      <subfield code="a">Germany</subfield>
    </datafield>
    <datafield ind1="0" ind2="0" tag="689">
      <subfield code="0">(DE-601)104704861</subfield>
      <subfield code="0">(DE-588)4011882-4</subfield>
      <subfield code="D">g</subfield>
      <subfield code="a">Deutschland</subfield>
    </datafield>
    <datafield ind1="0" ind2="1" tag="689">
      <subfield code="0">(DE-601)106392085</subfield>
      <subfield code="0">(DE-588)4002769-7</subfield>
      <subfield code="D">s</subfield>
      <subfield code="a">Arbeitsrecht</subfield>
    </datafield>
    <datafield ind1="0" ind2="2" tag="689">
      <subfield code="A">f</subfield>
      <subfield code="a">Quelle</subfield>
    </datafield>
    <datafield ind1="0" ind2=" " tag="689">
      <subfield code="5">DE-101</subfield>
    </datafield>
    <datafield ind1="1" ind2=" " tag="700">
      <subfield code="a">Richardi, Reinhard</subfield>
      <subfield code="0">(DE-601)080953956</subfield>
      <subfield code="0">(DE-588)120895846</subfield>
    </datafield>
  </record>
  <record>
    <leader>01714nam a2200421 c 4500</leader>
    <controlfield tag="001">796230889</controlfield>
    <controlfield tag="003">DE-601</controlfield>
    <datafield ind1=" " ind2=" " tag="035">
      <subfield code="a">(OCoLC)931522665</subfield>
    </datafield>
    <datafield ind1=" " ind2=" " tag="035">
      <subfield code="a">T00869791</subfield>
    </datafield>
    <datafield ind1=" " ind2=" " tag="035">
      <subfield code="a">(DE-599)GBV796230889</subfield>
    </datafield>
    <datafield ind1="0" ind2="0" tag="082">
      <subfield code="a">344.43010263</subfield>
    </datafield>
    <datafield ind1="0" ind2="0" tag="082">
      <subfield code="a">340</subfield>
    </datafield>
    <datafield ind1="0" ind2="9" tag="082">
      <subfield code="a">340</subfield>
    </datafield>
    <datafield ind1=" " ind2=" " tag="084">
      <subfield code="a">R 415</subfield>
      <subfield code="2">sfb</subfield>
    </datafield>
    <datafield ind1=" " ind2=" " tag="084">
      <subfield code="a">340</subfield>
      <subfield code="2">sdnb</subfield>
    </datafield>
    <datafield ind1=" " ind2=" " tag="084">
      <subfield code="a">86.74</subfield>
      <subfield code="9">Arbeitsrecht: Allgemeines</subfield>
      <subfield code="2">bkl</subfield>
    </datafield>
    <datafield ind1=" " ind2=" " tag="084">
      <subfield code="a">PF 200</subfield>
      <subfield code="2">rvk</subfield>
    </datafield>
    <datafield ind1=" " ind2=" " tag="084">
      <subfield code="a">PF 230</subfield>
      <subfield code="2">rvk</subfield>
    </datafield>
    <datafield ind1="2" ind2="7" tag="611">
      <subfield code="a">Quelle</subfield>
      <subfield code="2">gnd</subfield>
    </datafield>
    <datafield ind1=" " ind2="7" tag="650">
      <subfield code="0">(DE-601)106392085</subfield>
      <subfield code="0">(DE-588)4002769-7</subfield>
      <subfield code="a">Arbeitsrecht</subfield>
      <subfield code="2">gnd</subfield>
    </datafield>
    <datafield ind1=" " ind2="7" tag="650">
      <subfield code="8">1.1\x</subfield>
      <subfield code="a">Arbeitsrecht</subfield>
      <subfield code="0">(DE-601)091347769</subfield>
      <subfield code="0">(DE-STW)11185-0</subfield>
      <subfield code="2">stw</subfield>
    </datafield>
    <datafield ind1=" " ind2="7" tag="650">
      <subfield code="8">1.2\x</subfield>
      <subfield code="a">Kundigungsschutz</subfield>
      <subfield code="0">(DE-601)091373301</subfield>
      <subfield code="0">(DE-STW)16142-0</subfield>
      <subfield code="2">stw</subfield>
    </datafield>
    <datafield ind1=" " ind2="7" tag="650">
      <subfield code="8">1.3\x</subfield>
      <subfield code="a">Betriebsverfassung</subfield>
      <subfield code="0">(DE-601)091351308</subfield>
      <subfield code="0">(DE-STW)16136-2</subfield>
      <subfield code="2">stw</subfield>
    </datafield>
    <datafield ind1=" " ind2="7" tag="650">
      <subfield code="8">1.4\x</subfield>
      <subfield code="a">Betriebliche Altersversorgung</subfield>
      <subfield code="0">(DE-601)091350859</subfield>
      <subfield code="0">(DE-STW)12591-5</subfield>
      <subfield code="2">stw</subfield>
    </datafield>
    <datafield ind1=" " ind2="7" tag="650">
      <subfield code="8">1.5\x</subfield>
      <subfield code="a">Arbeitsmigranten</subfield>
      <subfield code="0">(DE-601)091348838</subfield>
      <subfield code="0">(DE-STW)11268-3</subfield>
      <subfield code="2">stw</subfield>
    </datafield>
    <datafield ind1=" " ind2="7" tag="650">
      <subfield code="8">1.6\x</subfield>
      <subfield code="a">Mitbestimmung</subfield>
      <subfield code="0">(DE-601)091378281</subfield>
      <subfield code="0">(DE-STW)11310-2</subfield>
      <subfield code="2">stw</subfield>
    </datafield>
    <datafield ind1=" " ind2="7" tag="650">
      <subfield code="8">1.7\x</subfield>
      <subfield code="a">Antidiskriminierungsrecht</subfield>
      <subfield code="0">(DE-601)543762068</subfield>
      <subfield code="0">(DE-STW)29752-1</subfield>
      <subfield code="2">stw</subfield>
    </datafield>
    <datafield ind1=" " ind2="7" tag="650">
      <subfield code="8">1.8\x</subfield>
      <subfield code="a">Deutschland</subfield>
      <subfield code="0">(DE-601)091354749</subfield>
      <subfield code="0">(DE-STW)18012-3</subfield>
      <subfield code="2">stw</subfield>
    </datafield>
    <datafield ind1=" " ind2="7" tag="651">
      <subfield code="0">(DE-601)104704861</subfield>
      <subfield code="0">(DE-588)4011882-4</subfield>
      <subfield code="a">Deutschland</subfield>
      <subfield code="2">gnd</subfield>
    </datafield>
    <datafield ind1=" " ind2="0" tag="653">
      <subfield code="a">Employee rights</subfield>
      <subfield code="a">Germany</subfield>
    </datafield>
    <datafield ind1=" " ind2="0" tag="653">
      <subfield code="a">Industrial management</subfield>
      <subfield code="a">Employee participation</subfield>
      <subfield code="a">Law and legislation</subfield>
      <subfield code="a">Germany</subfield>
    </datafield>
    <datafield ind1=" " ind2="0" tag="653">
      <subfield code="a">Labor contract</subfield>
      <subfield code="a">Germany</subfield>
    </datafield>
    <datafield ind1=" " ind2="0" tag="653">
      <subfield code="a">Labor laws and legislation</subfield>
      <subfield code="a">Germany</subfield>
    </datafield>
    <datafield ind1="0" ind2="0" tag="689">
      <subfield code="0">(DE-601)104704861</subfield>
      <subfield code="0">(DE-588)4011882-4</subfield>
      <subfield code="D">g</subfield>
      <subfield code="a">Deutschland</subfield>
    </datafield>
    <datafield ind1="0" ind2="1" tag="689">
      <subfield code="0">(DE-601)106392085</subfield>
      <subfield code="0">(DE-588)4002769-7</subfield>
      <subfield code="D">s</subfield>
      <subfield code="a">Arbeitsrecht</subfield>
    </datafield>
    <datafield ind1="0" ind2="2" tag="689">
      <subfield code="A">f</subfield>
      <subfield code="a">Quelle</subfield>
    </datafield>
    <datafield ind1="0" ind2=" " tag="689">
      <subfield code="5">DE-101</subfield>
    </datafield>
    <datafield ind1="1" ind2=" " tag="700">
      <subfield code="a">Richardi, Reinhard</subfield>
      <subfield code="0">(DE-601)080953956</subfield>
      <subfield code="0">(DE-588)120895846</subfield>
    </datafield>
  </record>
  <record>
    <leader>01820nam a2200457 c 4500</leader>
    <controlfield tag="001">020571682</controlfield>
    <controlfield tag="003">DE-601</controlfield>
    <datafield ind1=" " ind2=" " tag="035">
      <subfield code="a">(OCoLC)56380217</subfield>
    </datafield>
    <datafield ind1=" " ind2=" " tag="035">
      <subfield code="a">(OBV)AC05788678</subfield>
    </datafield>
    <datafield ind1=" " ind2=" " tag="035">
      <subfield code="a">(DE-599)GBV020571682</subfield>
    </datafield>
    <datafield ind1=" " ind2=" " tag="084">
      <subfield code="a">86.74</subfield>
      <subfield code="9">Arbeitsrecht: Allgemeines</subfield>
      <subfield code="2">bkl</subfield>
    </datafield>
    <datafield ind1="2" ind2="7" tag="611">
      <subfield code="a">Quelle</subfield>
      <subfield code="2">gnd</subfield>
    </datafield>
    <datafield ind1="2" ind2="7" tag="611">
      <subfield code="a">Quelle</subfield>
      <subfield code="2">gnd</subfield>
    </datafield>
    <datafield ind1="2" ind2="7" tag="611">
      <subfield code="a">Quelle</subfield>
      <subfield code="2">gnd</subfield>
    </datafield>
    <datafield ind1=" " ind2="7" tag="650">
      <subfield code="0">(DE-601)106392085</subfield>
      <subfield code="0">(DE-588)4002769-7</subfield>
      <subfield code="a">Arbeitsrecht</subfield>
      <subfield code="2">gnd</subfield>
    </datafield>
    <datafield ind1=" " ind2="7" tag="650">
      <subfield code="0">(DE-601)106257366</subfield>
      <subfield code="0">(DE-588)4033413-2</subfield>
      <subfield code="a">Kundigungsschutz</subfield>
      <subfield code="2">gnd</subfield>
    </datafield>
    <datafield ind1=" " ind2="7" tag="650">
      <subfield code="0">(DE-601)105758965</subfield>
      <subfield code="0">(DE-588)4122914-9</subfield>
      <subfield code="a">Betriebsverfassungsrecht</subfield>
      <subfield code="2">gnd</subfield>
    </datafield>
    <datafield ind1=" " ind2="7" tag="650">
      <subfield code="0">(DE-601)106392085</subfield>
      <subfield code="0">(DE-588)4002769-7</subfield>
      <subfield code="a">Arbeitsrecht</subfield>
      <subfield code="2">gnd</subfield>
    </datafield>
    <datafield ind1=" " ind2="7" tag="651">
      <subfield code="0">(DE-601)104704861</subfield>
      <subfield code="0">(DE-588)4011882-4</subfield>
      <subfield code="a">Deutschland</subfield>
      <subfield code="2">gnd</subfield>
    </datafield>
    <datafield ind1=" " ind2="7" tag="651">
      <subfield code="0">(DE-601)104704861</subfield>
      <subfield code="0">(DE-588)4011882-4</subfield>
      <subfield code="a">Deutschland</subfield>
      <subfield code="2">gnd</subfield>
    </datafield>
    <datafield ind1=" " ind2="7" tag="651">
      <subfield code="0">(DE-601)104704861</subfield>
      <subfield code="0">(DE-588)4011882-4</subfield>
      <subfield code="a">Deutschland</subfield>
      <subfield code="2">gnd</subfield>
    </datafield>
    <datafield ind1=" " ind2="7" tag="651">
      <subfield code="0">(DE-601)104732423</subfield>
      <subfield code="0">(DE-588)4011889-7</subfield>
      <subfield code="a">Deutschland</subfield>
      <subfield code="g">Bundesrepublik</subfield>
      <subfield code="2">gnd</subfield>
    </datafield>
    <datafield ind1="0" ind2="7" tag="655">
      <subfield code="0">(DE-588)4135952-5</subfield>
      <subfield code="a">Quelle</subfield>
      <subfield code="2">gnd-content</subfield>
    </datafield>
    <datafield ind1=" " ind2="7" tag="655">
      <subfield code="a">Quelle</subfield>
      <subfield code="2">gnd</subfield>
    </datafield>
    <datafield ind1="0" ind2="0" tag="689">
      <subfield code="A">f</subfield>
      <subfield code="a">Quelle</subfield>
    </datafield>
    <datafield ind1="0" ind2="1" tag="689">
      <subfield code="0">(DE-601)104704861</subfield>
      <subfield code="0">(DE-588)4011882-4</subfield>
      <subfield code="D">g</subfield>
      <subfield code="a">Deutschland</subfield>
    </datafield>
    <datafield ind1="0" ind2="2" tag="689">
      <subfield code="0">(DE-601)106392085</subfield>
      <subfield code="0">(DE-588)4002769-7</subfield>
      <subfield code="D">s</subfield>
      <subfield code="a">Arbeitsrecht</subfield>
    </datafield>
    <datafield ind1="0" ind2=" " tag="689">
      <subfield code="5">DE-101</subfield>
    </datafield>
    <datafield ind1="1" ind2="0" tag="689">
      <subfield code="A">f</subfield>
      <subfield code="a">Quelle</subfield>
    </datafield>
    <datafield ind1="1" ind2="1" tag="689">
      <subfield code="0">(DE-601)104704861</subfield>
      <subfield code="0">(DE-588)4011882-4</subfield>
      <subfield code="D">g</subfield>
      <subfield code="a">Deutschland</subfield>
    </datafield>
    <datafield ind1="1" ind2="2" tag="689">
      <subfield code="0">(DE-601)106257366</subfield>
      <subfield code="0">(DE-588)4033413-2</subfield>
      <subfield code="D">s</subfield>
      <subfield code="a">Kundigungsschutz</subfield>
    </datafield>
    <datafield ind1="1" ind2=" " tag="689">
      <subfield code="5">DE-101</subfield>
    </datafield>
    <datafield ind1="2" ind2="0" tag="689">
      <subfield code="A">f</subfield>
      <subfield code="a">Quelle</subfield>
    </datafield>
    <datafield ind1="2" ind2="1" tag="689">
      <subfield code="0">(DE-601)104704861</subfield>
      <subfield code="0">(DE-588)4011882-4</subfield>
      <subfield code="D">g</subfield>
      <subfield code="a">Deutschland</subfield>
    </datafield>
    <datafield ind1="2" ind2="2" tag="689">
      <subfield code="0">(DE-601)105758965</subfield>
      <subfield code="0">(DE-588)4122914-9</subfield>
      <subfield code="D">s</subfield>
      <subfield code="a">Betriebsverfassungsrecht</subfield>
    </datafield>
    <datafield ind1="2" ind2=" " tag="689">
      <subfield code="5">DE-101</subfield>
    </datafield>
    <datafield ind1="0" ind2="0" tag="689">
      <subfield code="0">(DE-601)104732423</subfield>
      <subfield code="0">(DE-588)4011889-7</subfield>
      <subfield code="D">g</subfield>
      <subfield code="a">Deutschland</subfield>
      <subfield code="g">Bundesrepublik</subfield>
    </datafield>
    <datafield ind1="0" ind2="1" tag="689">
      <subfield code="0">(DE-601)106392085</subfield>
      <subfield code="0">(DE-588)4002769-7</subfield>
      <subfield code="D">s</subfield>
      <subfield code="a">Arbeitsrecht</subfield>
    </datafield>
    <datafield ind1="0" ind2="2" tag="689">
      <subfield code="a">Quelle</subfield>
    </datafield>
    <datafield ind1="0" ind2=" " tag="689">
      <subfield code="5">DE-601</subfield>
    </datafield>
    <datafield ind1="1" ind2=" " tag="700">
      <subfield code="a">Richardi, Reinhard</subfield>
      <subfield code="e">Vorr.</subfield>
    </datafield>
  </record>