
  <record>
    <leader>01852nam a2200433 c 4500</leader>
    <controlfield tag="001">818837845</controlfield>
    <controlfield tag="003">DE-601</controlfield>
    <datafield ind1=" " ind2=" " tag="035">
      <subfield code="a">(OCoLC)935811906</subfield>
    </datafield>
    <datafield ind1=" " ind2=" " tag="035">
      <subfield code="a">T00882303</subfield>
    </datafield>
    <datafield ind1=" " ind2=" " tag="035">
      <subfield code="a">(DE-599)GBV818837845</subfield>
    </datafield>
    <datafield ind1="0" ind2="0" tag="082">
      <subfield code="a">344.43010263</subfield>
    </datafield>
    <datafield ind1="0" ind2="0" tag="082">
      <subfield code="a">340</subfield>
    </datafield>
    <datafield ind1="0" ind2="9" tag="082">
      <subfield code="a">340</subfield>
    </datafield>
    <datafield ind1=" " ind2=" " tag="084">
      <subfield code="a">R 415</subfield>
      <subfield code="2">sfb</subfield>
    </datafield>
    <datafield ind1=" " ind2=" " tag="084">
      <subfield code="a">340</subfield>
      <subfield code="2">sdnb</subfield>
    </datafield>
    <datafield ind1=" " ind2=" " tag="084">
      <subfield code="a">86.74</subfield>
      <subfield code="9">Arbeitsrecht: Allgemeines</subfield>
      <subfield code="2">bkl</subfield>
    </datafield>
    <datafield ind1=" " ind2=" " tag="084">
      <subfield code="a">PF 200</subfield>
      <subfield code="2">rvk</subfield>
    </datafield>
    <datafield ind1=" " ind2=" " tag="084">
      <subfield code="a">PF 230</subfield>
      <subfield code="2">rvk</subfield>
    </datafield>
    <datafield ind1="0" ind2=" " tag="130">
      <subfield code="a">Betriebsrentengesetz, Betriebsverfassungsgesetz, Arbeitnehmer-Entsendegesetz, Mindestlohngesetz, Kundigungsschutzgesetz</subfield>
    </datafield>
    <datafield ind1="2" ind2="7" tag="611">
      <subfield code="a">Quelle</subfield>
      <subfield code="2">gnd</subfield>
    </datafield>
    <datafield ind1=" " ind2="7" tag="650">
      <subfield code="0">(DE-601)106392085</subfield>
      <subfield code="0">(DE-588)4002769-7</subfield>
      <subfield code="a">Arbeitsrecht</subfield>
      <subfield code="2">gnd</subfield>
    </datafield>
    <datafield ind1=" " ind2="7" tag="650">
      <subfield code="8">1.1\x</subfield>
      <subfield code="a">Arbeitsrecht</subfield>
      <subfield code="0">(DE-601)091347769</subfield>
      <subfield code="0">(DE-STW)11185-0</subfield>
      <subfield code="2">stw</subfield>
    </datafield>
    <datafield ind1=" " ind2="7" tag="650">
      <subfield code="8">1.2\x</subfield>
      <subfield code="a">Kundigungsschutz</subfield>
      <subfield code="0">(DE-601)091373301</subfield>
      <subfield code="0">(DE-STW)16142-0</subfield>
      <subfield code="2">stw</subfield>
    </datafield>
    <datafield ind1=" " ind2="7" tag="650">
      <subfield code="8">1.3\x</subfield>
      <subfield code="a">Betriebsverfassung</subfield>
      <subfield code="0">(DE-601)091351308</subfield>
      <subfield code="0">(DE-STW)16136-2</subfield>
      <subfield code="2">stw</subfield>
    </datafield>
    <datafield ind1=" " ind2="7" tag="650">
      <subfield code="8">1.4\x</subfield>
      <subfield code="a">Betriebliche Altersversorgung</subfield>
      <subfield code="0">(DE-601)091350859</subfield>
      <subfield code="0">(DE-STW)12591-5</subfield>
      <subfield code="2">stw</subfield>
    </datafield>
    <datafield ind1=" " ind2="7" tag="650">
      <subfield code="8">1.5\x</subfield>
      <subfield code="a">Arbeitsmigranten</subfield>
      <subfield code="0">(DE-601)091348838</subfield>
      <subfield code="0">(DE-STW)11268-3</subfield>
      <subfield code="2">stw</subfield>
    </datafield>
    <datafield ind1=" " ind2="7" tag="650">
      <subfield code="8">1.6\x</subfield>
      <subfield code="a">Mitbestimmung</subfield>
      <subfield code="0">(DE-601)091378281</subfield>
      <subfield code="0">(DE-STW)11310-2</subfield>
      <subfield code="2">stw</subfield>
    </datafield>
    <datafield ind1=" " ind2="7" tag="650">
      <subfield code="8">1.7\x</subfield>
      <subfield code="a">Antidiskriminierungsrecht</subfield>
      <subfield code="0">(DE-601)543762068</subfield>
      <subfield code="0">(DE-STW)29752-1</subfield>
      <subfield code="2">stw</subfield>
    </datafield>
    <datafield ind1=" " ind2="7" tag="650">
      <subfield code="8">1.8\x</subfield>
      <subfield code="a">Deutschland</subfield>
      <subfield code="0">(DE-601)091354749</subfield>
      <subfield code="0">(DE-STW)18012-3</subfield>
      <subfield code="2">stw</subfield>
    </datafield>
    <datafield ind1=" " ind2="7" tag="651">
      <subfield code="0">(DE-601)104704861</subfield>
      <subfield code="0">(DE-588)4011882-4</subfield>
      <subfield code="a">Deutschland</subfield>
      <subfield code="2">gnd</subfield>
    </datafield>
    <datafield ind1=" " ind2="0" tag="653">
      <subfield code="a">Employee rights</subfield>
      <subfield code="a">Germany</subfield>
    </datafield>
    <datafield ind1=" " ind2="0" tag="653">
      <subfield code="a">Industrial management</subfield>
      <subfield code="a">Employee participation</subfield>
      <subfield code="a">Law and legislation</subfield>
      <subfield code="a">Germany</subfield>
    </datafield>
    <datafield ind1=" " ind2="0" tag="653">
      <subfield code="a">Labor contract</subfield>
      <subfield code="a">Germany</subfield>
    </datafield>
    <datafield ind1=" " ind2="0" tag="653">
      <subfield code="a">Labor laws and legislation</subfield>
      <subfield code="a">Germany</subfield>
    </datafield>
    <datafield ind1="0" ind2="0" tag="689">
      <subfield code="0">(DE-601)104704861</subfield>
      <subfield code="0">(DE-588)4011882-4</subfield>
      <subfield code="D">g</subfield>
      <subfield code="a">Deutschland</subfield>
    </datafield>
    <datafield ind1="0" ind2="1" tag="689">
      <subfield code="0">(DE-601)106392085</subfield>
      <subfield code="0">(DE-588)4002769-7</subfield>
      <subfield code="D">s</subfield>
      <subfield code="a">Arbeitsrecht</subfield>
    </datafield>
    <datafield ind1="0" ind2="2" tag="689">
      <subfield code="A">f</subfield>
      <subfield code="a">Quelle</subfield>
    </datafield>
    <datafield ind1="0" ind2=" " tag="689">
      <subfield code="5">DE-101</subfield>
    </datafield>
    <datafield ind1="1" ind2=" " tag="700">
      <subfield code="a">Richardi, Reinhard</subfield>
      <subfield code="0">(DE-601)080953956</subfield>
      <subfield code="0">(DE-588)120895846</subfield>
    </datafield>
  </record>
</collection>
